2744 3409
1177 108 1605 161 —19—

320 243 474 304 Quum
497 244 648 287 antem
670 241 803 304 plura
820 240 916 289 sint
930 241 1161 289 relationis
1179 256 1367 301 genera,
1403 240 1492 289 vim
1508 246 1556 289 et
1572 244 1777 289 naturam
1797 239 2075 301 singulorum
2093 255 2182 289 non
2201 255 2255 289 ex
2273 246 2432 291 natura

319 313 550 371 signorum
581 310 662 357 sed
694 312 808 358 hano
835 311 988 372 potius
1020 325 1075 358 ex
1102 312 1184 360 illa
1213 323 1476 372 suspensam
1506 326 1609 360 esse
1644 308 1931 358 manifestum
1967 316 2057 361 est.
2120 310 2246 372 Ergo
2282 312 2432 373 qualis

315 382 440 427 inter
457 379 707 427 subiectum
726 385 775 427 et
788 379 1121 441 praedicatum,
1154 394 1243 427 uon
1266 380 1416 441 qualis
1446 381 1493 428 in
1523 381 1659 429 verbo
1687 393 1821 427 esse
1849 381 2011 429 relatio
2035 385 2183 437 esset,
2210 395 2432 441 quaeren-

315 448 423 498 dum
450 449 709 497 Hermanno
740 454 856 498 erat.
911 447 1065 510 Ipsam
1096 454 1246 496 autem
1272 450 1399 497 illam
1428 454 1676 511 temporum
1696 449 1986 508 relationem,
2013 456 2102 513 qula
2125 450 2307 498 verbum
2325 463 2429 497 esse

314 520 526 580 opinatur
556 520 828 564 instructum
861 532 985 574 esse,
1026 518 1245 564 undenam
1283 519 1436 563 hausit
1471 516 1601 564 eam?
1657 519 1845 565 Scilicet
1872 518 2002 575 inde,
2041 520 2171 578 quia,
2205 519 2431 579 quidquid

312 587 420 641 sit,
455 586 506 632 id
538 586 688 644 aliquo
718 592 772 631 te
786 601 979 647 mpore
1008 602 1109 633 esse
1137 585 1424 645 cogitandum
1448 587 1528 634 sit.
1582 588 1656 633 At
1681 586 1783 631 hino
1800 588 2004 648 profecto
2024 588 2092 632 nil
2115 588 2320 646 sequitur
2337 588 2429 632 nisi

310 655 359 700 id
379 654 500 714 quod
519 655 607 699 iam
629 654 796 700 dudum
813 655 1026 700 docuerat
1047 654 1181 701 Plato
1202 660 1250 700 et
1275 655 1555 701 Aristoteles
1567 684 1586 710 ,
1626 655 1902 701 universa
1916 672 1957 702 m
1987 671 2017 702 n
2032 655 2283 701 ctionem
2312 660 2427 698 tem-

309 725 436 783 poris
449 753 463 776 ,
490 736 578 766 non
593 735 698 767 vero
719 723 837 782 quod
857 722 1145 769 Hei-mannus
1165 722 1272 768 inde
1292 724 1391 769 vult
1414 724 1557 779 effici,
1586 723 1932 769 relationem
1962 730 2216 782 temporum
2234 722 2280 765 iu
2301 723 2427 767 verbi

308 805 407 836 ess
420 805 445 834 e
473 796 679 835 naturam
705 790 866 834 cadere
884 792 952 849 ¹⁸).

442 858 599 903 Missis
618 859 761 916 igitur
783 860 879 915 his,
918 858 1083 917 quibus
1112 858 1284 903 frustra
1314 874 1419 918 spes
1441 858 1636 903 excitata
1657 863 1782 910 erat,
1810 858 1985 904 ratione
2003 861 2051 901 et
2068 861 2167 901 arte
2183 854 2425 914 aliquando

306 927 543 972 relationis
562 928 650 971 vim
671 928 943 985 explicatum
966 927 1051 980 iri,
1078 926 1307 972 videamus
1328 928 1415 973 iam
1436 942 1539 972 uum
1561 926 1737 986 reliqua
1762 927 1957 973 fortasse
1971 925 2296 985 disputationis
2315 937 2423 984 par-

304 1000 352 1039 te
372 995 523 1053 aliqua
549 997 629 1040 lux
655 994 757 1038 lmic
776 994 1008 1039 doctrinae
1035 1008 1220 1039 accensa
1240 995 1319 1040 sit.
1377 994 1678 1051 Progrediens
1699 993 1779 1037 ille
1800 993 1858 1037 ad
1874 994 2018 1053 ipsam
2038 998 2291 1051 temporum
2309 991 2423 1036 ‹livi-

304 1061 475 1106 sionem
490 1062 722 1121 >triplicem
746 1063 911 1106 statuit
931 1062 1282 1120 uniuscuiusque
1303 1062 1338 1110 i.
1357 1075 1397 1109 ο.
1417 1067 1465 1106 et
1486 1060 1722 1121 praeteriti
1741 1065 1789 1105 et
1805 1062 2058 1122 praesentis
2079 1066 2126 1105 et
2140 1059 2285 1104 futuri
2308 1063 2423 1103 tem-

302 1128 431 1188 poris
460 1130 723 1176 relationem
752 1143 878 1186 esse,
917 1134 997 1176 aut
1025 1131 1172 1183 enim,
1210 1131 1302 1187 ait,
1336 1135 1513 1189 tempus
1545 1142 1628 1189 per
1657 1143 1708 1173 se
1736 1134 1947 1173 constans
1976 1133 2025 1171 et
2044 1127 2277 1171 definitum
2300 1140 2420 1181 esse,

304 1201 384 1241 aut
402 1211 456 1242 ex
476 1198 566 1242 alio
586 1202 786 1258 tempore
806 1198 1029 1258 pendeus,
1064 1205 1143 1243 aut
1163 1210 1306 1259 neque
1323 1215 1406 1260 per
1424 1214 1473 1242 se
1492 1197 1724 1241 definitum
1743 1213 1884 1255 neque
1907 1212 1960 1241 ex
1981 1198 2071 1240 alio
2090 1202 2293 1255 tempore
2312 1209 2423 1254 pen-

303 1265 418 1318 deus
435 1265 534 1323 *⁴¹70
573 1265 825 1324 ⁴Inclegaus
847 1269 1049 1327 profecto
1076 1266 1307 1311 dividendi
1335 1267 1453 1311 ratio
1480 1265 1846 1323 iamqnevdudum
1864 1266 1944 1308 illa
1966 1268 2120 1307 notata
2137 1262 2425 1322 graviterque

300 1333 571 1394 reprehensa
600 1349 628 1377 a
655 1334 831 1379 Tullio.
885 1335 1063 1379 Etenim
1098 1339 1173 1379 est
1197 1349 1248 1378 ea
1278 1335 1507 1378 simillima
1538 1334 1664 1394 eius,
1701 1348 1790 1392 qna
1818 1334 1865 1377 iu
1892 1329 2218 1392 cupiditatibus
2245 1330 2423 1391 disper-

297 1402 466 1445 tiendis
494 1417 605 1444 usus
631 1403 737 1443 olim
763 1402 990 1457 Epicurus
1015 1407 1102 1448 est.
1160 1400 1230 1446 Ut
1258 1399 1379 1446 enimv
1412 1402 1455 1446 is
1487 1401 1585 1461 tria]
1605 1403 1712 1446 haec
1730 1416 1892 1459 genera
1915 1399 2213 1460 cupiditatum
2237 1398 2420 1460 posuit:

301 1468 534 1512 naturales
559 1471 609 1510 et
634 1464 938 1519 necessarias,
976 1468 1209 1512 naturales
1236 1475 1282 1512 et
1300 1484 1388 1512 non
1407 1468 1711 1525 necessarias,
1740 1484 1820 1516 nec
1841 1468 2118 1515 necessarias
2136 1483 2218 1513 nec
2238 1472 2423 1513 natura-

298 1537 394 1590 les,
421 1535 487 1579 ita
505 1532 810 1577 Hei-mannum
836 1547 1040 1592 quoque,
1079 1535 1120 1578 si
1141 1535 1395 1578 accuratius
1416 1534 1510 1577 eius
1532 1538 1667 1576 verb·
1697 1538 2074 1586 consideraveris,
2105 1539 2216 1576 haec
2236 1536 2325 1578 tria
2346 1548 2420 1578 re·

300 1603 452 1666 peries
480 1601 692 1664 posuisse
718 1602 967 1661 temporum
1002 1606 1189 1658 genera,
1221 1615 1355 1643 unum
1383 1592 1610 1642 delinitum
1631 1613 1712 1659 per
1732 1616 1807 1656 se,
1836 1597 2027 1645 alterum
2051 1600 2282 1646 definitum
2303 1603 2417 1647 alio-

298 1686 401 1716 rum
432 1684 540 1726 ope,
576 1667 760 1711 tertium
793 1682 937 1726 neque
963 1682 1047 1727 per
1076 1681 1126 1710 se
1153 1667 1382 1710 definitum
1410 1682 1554 1724 neque
1574 1666 1773 1711 'aliorum
1800 1684 1900 1727 ope.
1958 1669 2093 1721 „At,
2123 1675 2176 1713 ut
2200 1671 2247 1714 in
2269 1686 2415 1716 meum

295 1753 428 1785 usum
444 1741 616 1782 vertam
636 1734 870 1779 Ciceronis
890 1736 1027 1779 verba
1045 1733 1183 1789 ***),
1213 1735 1296 1777 hoc
1316 1749 1404 1777 nou
1434 1740 1510 1777 est
1535 1734 1737 1778 dividere
1758 1737 1841 1779 sed
1866 1737 2090 1792 frangere.
2154 1736 2250 1795 Qui
2276 1739 2320 1783 si
2348 1739 2416 1783 di.

342 1889 388 1932 ¹²)
412 1890 467 1925 Ne
483 1893 603 1921 tamen
625 1884 705 1929 quis
724 1884 934 1920 existimare
951 1886 1090 1931 possit,
1120 1887 1220 1923 illam
1235 1891 1420 1935 fortasse,
1448 1897 1542 1934 qnae
1559 1888 1656 1926 inter
1676 1889 1748 1926 tria
1764 1891 1938 1934 primaria
1967 1895 2129 1936 tempora
2153 1894 2415 1937 quodamnodo

435 1943 550 1980 statui
565 1939 705 1987 potest,
726 1941 962 1987 relationem,
982 1943 1029 1976 ab
1050 1943 1255 1978 Hermanno
1272 1943 1514 1986 significatam
1534 1938 1640 1992 esse,
1671 1947 1751 1990 ipse
1767 1950 1892 1991 paullo
1910 1949 2008 1983 infra
2025 1950 2219 1992 diligenter
2239 1953 2340 1986 cavit
2357 1952 2416 1987 lais

434 2000 581 2035 verbis:
627 2001 755 2043 „Ante
781 1995 901 2033 cumb
919 1998 1029 2041 igitur
1046 2000 1112 2032 hoc
1129 2003 1186 2032 est
1201 2000 1464 2033 observandum
1480 2000 1551 2033 tria
1568 2003 1710 2035 omnino
1726 2012 1811 2035 esse
1828 2010 2002 2045 tempora,
2024 2008 2275 2050 praeteritum,
2298 2016 2411 2048 prae-

435 2065 535 2100 seus,
565 2057 750 2099 futurum,
775 2055 841 2088 sed
858 2063 905 2087 ex
923 2056 991 2088 hac
1007 2053 1211 2088 differentia
1226 2056 1362 2087 nullam
1379 2055 1453 2096 peti
1470 2063 1577 2096 posse
1596 2057 1782 2090 relationis
1800 2060 1999 2098 temporum
2017 2059 2244 2093 divisionem.
2255 2058 2283 2080 “

338 2110 410 2155 ank)
432 2114 476 2149 ln
493 2110 600 2146 tertio
617 2111 685 2143 hoc
711 2109 914 2144 definiendo
939 2115 1139 2151 temporum
1157 2119 1292 2152 genere
1310 2116 1435 2152 aperte
1459 2120 1583 2147 secum
1600 2112 1678 2154 ipse
1694 2115 1828 2155 pugnat
1846 2114 2086 2148 uei-mannus.
2131 2116 2246 2156 Quum
2262 2115 2356 2151 euim
2372 2115 2411 2151 id

433 2178 473 2212 p.
492 2166 576 2201 186.
600 2165 653 2199 ita
671 2165 849 2198 definierit
866 2167 907 2198 ut
923 2173 991 2199 nos
1008 2173 1119 2207 snpra
1135 2167 1290 2200 diximus
1302 2188 1315 2210 ‚
1346 2177 1383 2209 p.
1402 2168 1481 2200 181.
1501 2174 1630 2201 contra
1646 2168 1790 2201 tertium
1809 2169 1897 2203 illud
1915 2178 2031 2212 genus
2050 2170 2104 2205 ait
2125 2174 2163 2205 et
2180 2181 2246 2213 per
2262 2182 2301 2206 se
2319 2181 2407 2208 cer-

434 2229 511 2257 tum
528 2229 574 2256 ac
590 2220 773 2255 definitum
792 2229 877 2254 esse
893 2223 932 2254 et
947 2220 1055 2255 simul
1072 2222 1386 2264 consequutionem
1402 2224 1593 2264 complecti
1611 2224 1764 2258 aliorum
1781 2226 1991 2266 temporum.
2037 2226 2150 2266 Quum
2170 2230 2291 2262 antem
2309 2229 2409 2270 prior

434 2278 506 2314 illa
528 2277 689 2312 definitio
715 2278 797 2311 sola
822 2277 1017 2311 manifesto
1043 2277 1109 2310 toti
1128 2277 1215 2312 eius
1240 2278 1464 2321 singulorum
1484 2286 1681 2321 temporum
1705 2282 1937 2323 explicationi
1954 2285 2224 2319 accommodata
2241 2286 2312 2329 sit,
2334 2293 2408 2320 non

434 2335 584 2369 videtur
607 2333 753 2368 dubium
775 2340 888 2376 esse,
921 2333 1006 2375 quin
1033 2333 1092 2379 ei,
1126 2343 1281 2378 quump.
1300 2336 1383 2370 181.
1403 2344 1541 2378 quoque
1566 2345 1699 2377 ponere
1721 2338 1963 2373 definitionem
1980 2340 2078 2374 illam
2100 2342 2238 2386 vellet,
2269 2342 2406 2383 impru-

434 2391 536 2425 denti
563 2391 741 2424 exciderit
766 2391 895 2423 alters.
941 2391 1068 2432 Neque
1097 2393 1203 2425 aliter
1226 2391 1333 2424 video
1356 2399 1419 2424 eos
1444 2392 1649 2437 iudicasse,
1674 2402 1698 2427 a
1722 2395 1849 2435 quibus
1867 2397 2097 2436 comprobata
2116 2402 2153 2428 et
2171 2399 2327 2438 repetita
2347 2399 2408 2429 est

435 2447 635 2481 Hei-manni
660 2446 767 2481 ratio.
819 2446 879 2483 lta
902 2444 940 2479 in
965 2453 1098 2489 magna
1125 2447 1254 2493 artium
1278 2448 1550 2491 litterarumque
1577 2451 1893 2496 Encyclopaedia‚
1925 2460 2017 2493 quae
2040 2452 2179 2486 Ersclu'i
2194 2457 2231 2484 et
2249 2451 2409 2486 Gruberi

436 2503 612 2545 auspiciis
640 2506 768 2546 coepta
792 2509 848 2537 est
871 2494 1021 2543 Lipsiae
1048 2503 1107 2537 edi
1130 2504 1235 2543 (Vol.
1255 2505 1634 2545 lv.s.v.A01-istus)
1656 2505 1701 2538 G.
1719 2506 1787 2541 W.
1805 2508 1983 2542 Miillerus
2008 2509 2077 2541 tria
2093 2507 2145 2540 ait
2162 2515 2247 2540 esse
2266 2512 2410 2551 tempo-

435 2568 518 2600 rum
544 2567 699 2603 genera.
743 2560 773 2595 Ι.
795 2559 853 2593 die
873 2560 941 2593 Art
959 2555 1172 2603 derjenigen
1198 2561 1306 2608 zeit,
1332 2564 1477 2596 welche
1509 2561 1819 2607 unabhangig
1841 2573 1912 2597 von
1932 2565 2033 2597 einer
2049 2564 2211 2598 anderen
2231 2565 2318 2598 zeit
2335 2566 2409 2598 und

435 2616 499 2650 fur
516 2616 596 2650 sicli
611 2616 808 2649 besteliend
824 2616 977 2659 gedacht
991 2615 1105 2656 wird3
1150 2616 1200 2650 11.
1227 2619 1286 2651 die
1309 2621 1380 2652 Art
1405 2616 1614 2660 derjenigen
1632 2618 1739 2661 zeit,
1770 2622 1825 2652 die
1843 2622 1879 2652 in
1900 2623 2060 2663 Bezng
2082 2621 2151 2653 aut·
2168 2621 2252 2654 eine
2272 2622 2409 2654 andere

434 2673 521 2706 zeit
544 2676 632 2708 oder
658 2681 732 2708 von
760 2674 861 2709 einer
887 2674 1042 2708 anderen
1065 2671 1152 2708 zeit
1172 2673 1415 2718 absangig
1437 2675 1592 2718 gedacht
1609 2673 1726 2717 πίε-ἀς
1771 2676 1838 2711 111.
1861 2676 1919 2711 die
1935 2679 2007 2713 Art
2023 2677 2090 2711 der
2107 2676 2235 2713 weder
2251 2684 2325 2711 von
2341 2684 2409 2710 an-

432 2729 540 2765 derer
557 2729 642 2765 zeii:
662 2731 888 2775 abhangigen
904 2732 996 2766 noch
1011 2730 1072 2765 tur
1089 2729 1167 2764 sich
1185 2729 1408 2775 hinlanglicn
1422 2730 1651 2765 bestimmten
1668 2732 1763 2766 zeit.
2118 2752 2121 2755 -

344 2781 439 2827 m,
468 2787 513 2820 ae
538 2787 688 2822 Finibus
711 2788 770 2832 11,
794 2790 829 2822 9.
1784 2833 1816 2878 3
1832 2834 1862 2862 a
