2744 3409
1137 116 1569 167 -18—

302 255 549 314 significari
585 251 827 310 negabant,
863 248 978 295 satis
1016 248 1317 310 probabiliter
1361 247 1592 296 videamus
1638 249 1906 311 explicatam
1932 248 2100 308 fuisse,
2135 252 2246 297 hanc
2287 266 2419 297 unam

303 329 432 385 patet
480 324 561 376 iis,
599 320 676 379 qni
712 317 869 364 eodem
907 317 1060 397 modo‘
1086 318 1143 363 de
1191 319 1274 364 boo
1324 319 1426 364 loco
1463 317 1695 380 disputare
1742 318 2013 380 pergebant,
2051 323 2166 367 viam
2196 321 2418 382 reliquam

304 393 468 445 fuisse,
497 396 546 434 ut
582 390 819 435 coniuncta
844 389 1022 434 ratione
1058 393 1253 449 utraque
1288 389 1506 435 aoristum
1541 402 1685 449 neque
1731 403 1813 450 per
1840 403 1891 435 se
1928 401 2073 448 neque
2113 390 2331 444 aliorum,
2361 388 2421 436 ad

305 475 417 519 quae
443 458 714 513 referretur,
757 463 1010 518 temporum
1045 472 1130 518 ope
1163 462 1337 502 certum
1371 457 1556 516 aliquod
1594 465 1773 518 tempus
1808 456 2053 517 significari
2089 458 2425 508 contenderent.

302 527 365 572 Bt
384 526 494 571 banc
517 526 699 585 quidem
720 527 834 572 viam
855 532 958 571 ante
980 532 1082 571 octo
1102 528 1192 571 iam
1215 542 1378 583 annos,
1416 542 1548 585 quam
1567 527 1826 573 Reizianam
1846 527 2091 572 doctrinam
2111 526 2425 572 illustraverat

304 593 650 653 absolveratque
676 595 947 650 Disaenius,
984 595 1354 641 Godoi'redus
1393 595 1746 641 Hermannus
1785 597 2018 653 ingressus
2047 598 2095 638 et
2121 608 2260 648 nova,
2288 594 2429 639 simul

306 660 619 716 absolutorum
648 664 1035 723 relativorumque
1062 669 1314 725 temporum
1334 664 1514 708 notione
1532 666 1777 725 constituta
1801 678 1959 709 novam
1980 661 2083 707 inde
2105 663 2298 707 omnium
2315 666 2431 705 tem-

304 743 465 787 porum
493 733 712 777 rationem
743 731 966 778 deducere
993 738 1180 778 conatus
1209 738 1324 780 erat.
1389 732 1518 790 Quae
1535 732 1714 790 quidem
1743 732 1861 776 ratio
1879 746 1970 789 quo
1991 732 2145 790 plures
2169 736 2217 775 et
2235 730 2429 775 admira-

304 802 430 843 tores
458 803 505 844 et
525 799 777 846 imitatores
795 801 867 845 sui
884 800 1047 859 adepta
1066 806 1138 846 est
1156 816 1209 847 eo
1233 800 1487 845 accuratius
1509 800 1599 844 iam
1619 801 1749 845 nobis
1774 798 2064 846 examinanda
2083 800 2188 845 erit.

449 865 711 924 Distinguit
737 866 1024 919 Hermannns
1057 882 1181 925 eam,
1219 883 1352 926 quam
1380 867 1562 927 proprie
1583 869 1835 927 appellant,
1869 866 2155 921 relationem,
2195 865 2325 909 cuins
2345 879 2428 923 ope

304 944 359 974 ex
386 932 531 984 altero
558 938 762 996 tempore
789 949 1058 996 suspensum
1091 941 1163 982 est
1190 937 1405 992 alterum,
1445 937 1500 981 ab
1525 936 1736 982 universa
1766 934 1989 980 relatione
2016 948 2124 987 seu,
2159 939 2212 977 nt
2230 934 2330 991 ipse
2351 933 2431 987 ait,

301 1001 521 1053 „ratione
543 1003 1008 1062 comparationeque“
1037 1006 1236 1050 omnium
1266 1011 1544 1064 temporum,
1589 1020 1707 1063 quae
1736 1002 1917 1064 quidem
1947 1001 2175 1063 posterior
2199 1004 2292 1044 tam
2324 1015 2431 1060 pro-

301 1069 405 1125 pria
436 1069 481 1113 ei
509 1068 690 1114 videtur
717 1075 902 1128 tamque
934 1075 1189 1118 necessaria
1220 1087 1321 1119 esse
1355 1074 1502 1132 ipsius
1528 1074 1653 1118 verbi
1684 1079 1896 1125 naturae,
1931 1075 1984 1115 ut
2002 1070 2127 1114 illius
2145 1068 2321 1112 demum
2343 1081 2428 1125 ope

301 1134 417 1178 bano
444 1141 570 1179 recte
592 1136 790 1189 intelligi
816 1136 1097 1194 indicarique
1136 1153 1273 1196 posse
1307 1142 1559 1195 existimet,
1592 1141 1640 1183 id
1671 1141 1793 1200 quod
1821 1141 1904 1182 hac
1933 1139 2011 1181 ille
2029 1137 2204 1182 ratione
2226 1136 2429 1180 evincere

304 1200 498 1261 studuit.
554 1235 585 1262 „·
595 1201 772 1261 Quum,
808 1203 981 1261 inquit,
1022 1206 1148 1249 verbi
1173 1215 1336 1251 natura
1359 1210 1566 1267 inprimis
1597 1209 1644 1251 in
1665 1223 1718 1252 eo
1739 1211 1889 1267 posita
1909 1209 1997 1261 sit,
2023 1212 2076 1251 ut
2098 1206 2284 1258 relatio,
2314 1216 2430 1262 quae

301 1272 376 1313 est
402 1269 523 1316 inter
548 1270 800 1317 subiectum
825 1278 872 1316 et
903 1272 1238 1331 praedicatum,
1273 1275 1521 1331 indicetur,
1558 1276 1606 1320 id
1633 1292 1685 1320 ea
1711 1292 1762 1320 re
1791 1278 1893 1320 fieri
1923 1290 2106 1320 necesse
2136 1279 2229 1326 est,
2269 1274 2314 1316 in
2335 1285 2426 1329 qua

308 1337 502 1383 maxime
521 1339 673 1398 posita
692 1343 765 1385 est
783 1340 964 1386 relatio.
1021 1341 1181 1401 Atque
1204 1358 1340 1402 quum
1361 1346 1544 1389 verbum
1575 1360 1696 1390 esse
1720 1351 2000 1390 caeterorum
2015 1342 2265 1398 gverhorum
2287 1339 2429 1384 omni-

309 1419 411 1461 um,
439 1411 493 1452 ut
520 1421 661 1468 supra
693 1405 952 1464 docuimus,
991 1409 1328 1456 fundamentum
1357 1413 1447 1464 sit,
1475 1413 1575 1457 fieri
1604 1427 1693 1457 non
1711 1417 1887 1470 potest,
1916 1412 2050 1468 quin,
2077 1411 2261 1467 quaein
2280 1424 2333 1453 eo
2355 1421 2430 1451 re-

309 1474 424 1519 latio
443 1477 668 1531 occurrit,
704 1476 803 1520 eins
825 1477 961 1535 longe
990 1480 1080 1524 alia
1100 1480 1218 1525 ratio
1237 1480 1321 1531 sit,
1360 1494 1490 1536 quam
1509 1480 1656 1533 illius,
1686 1492 1801 1536 quae
1824 1482 1897 1522 est
1915 1478 1964 1522 in
1983 1475 2236 1521 nominibus
2257 1480 2304 1519 et
2322 1487 2429 1532 par-

305 1540 480 1585 ticulis.
537 1544 738 1586 Nomina
753 1546 874 1585 enim
894 1551 941 1586 et
961 1550 1213 1600 particulae
1231 1558 1369 1602 quum
1389 1546 1582 1588 subiecti
1598 1545 1935 1604 praedicatique
1960 1544 2090 1600 sigua
2110 1543 2225 1596 sint,
2253 1543 2295 1586 si
2315 1554 2430 1600 quae

304 1608 353 1652 in
381 1607 440 1653 iis
469 1606 718 1652 relationis.
733 1611 865 1650 notae
883 1613 1014 1663 sunt,
1043 1624 1123 1653 eae
1141 1612 1256 1654 banc
1277 1613 1366 1655 vim
1388 1613 1579 1663 babent,
1605 1617 1657 1655 ut
1672 1627 1770 1655 rem
1789 1612 2092 1657 substantiam
2113 1611 2186 1655 vel
2206 1609 2430 1663 accidens,

303 1691 509 1722 caussam
549 1678 623 1723 vel
650 1675 888 1730 effectum,
923 1682 1079 1736 partes
1108 1679 1392 1722 consociatas
1423 1679 1494 1722 vel
1523 1677 1775 1722 disiunctas
1806 1694 1909 1723 esse
1936 1679 2205 1734 significent.
2262 1679 2318 1722 In
2345 1678 2431 1721 boc

306 1750 457 1790 autem
484 1744 623 1789 verbo
653 1758 807 1795 esse,
844 1744 963 1799 quod
996 1746 1139 1790 solius
1170 1748 1357 1805 copulae
1384 1746 1560 1802 signum
1588 1751 1686 1798 est,
1715 1760 1796 1789 nec
1816 1759 1899 1802 per
1916 1758 1964 1788 se
1983 1743 2163 1801 quidem
2183 1745 2323 1787 ullam
2348 1748 2429 1788 aut

312 1812 515 1858 subiecti*
535 1815 615 1855 aut
642 1809 894 1870 praedicati
922 1812 1171 1870 cuiuspiam
1193 1814 1417 1856 notionem
1436 1811 1774 1869 complectitur,
1812 1810 1976 1855 relatio
1994 1811 2061 1853 sic
2076 1813 2252 1854 tantum
2274 1815 2428 1868 potest

309 1881 525 1939 cogitari,
564 1884 618 1923 ut
647 1877 706 1922 ad
731 1879 878 1921 solum
912 1891 1036 1931 esse,
1065 1892 1152 1922 non
1172 1878 1230 1922 ad
1247 1893 1323 1931 ea,
1353 1893 1467 1935 quae
1484 1883 1612 1929 sunt,
1640 1881 1831 1934 spectet.
1887 1877 2039 1935 Atqui
2055 1877 2138 1921 boc
2157 1891 2257 1921 esse
2277 1879 2430 1923 nullas

306 1947 473 2000 habet,
519 1947 608 1992 nisi
637 1946 859 2006 temporis
892 1951 1053 1995 notas,
1091 1947 1218 2002 quia,
1256 1944 1473 2001 quidquid
1505 1948 1599 1996 est,
1647 1944 1801 2001 aliquo
1827 1949 2032 2003 tempore
2063 1959 2164 1988 esse
2187 1947 2427 2003 cogitatur.

309 2015 615 2075 Qua-obrem
643 2013 788 2057 omnis
816 2013 943 2056 verbi
969 2013 1130 2054 relatio
1160 2009 1217 2054 ad
1236 2015 1489 2069 temporum
1508 2012 1627 2055 inter
1647 2026 1697 2054 se
1714 2011 1934 2055 rationem
1958 2013 2428 2073 comparationemque

302 2082 531 2146 pertineat
562 2093 746 2125 neeesse
776 2082 864 2126 est.
873 2082 903 2106 “
971 2078 1100 2136 Quae
1124 2077 1305 2136 quidem
1331 2080 1469 2123 verba
1498 2079 1539 2121 si
1557 2077 1616 2121 ad
1635 2079 1801 2123 iustam
1822 2079 2121 2124 ratiocinandi
2144 2081 2332 2133 formam
2353 2097 2428 2127 re-

305 2151 584 2205 vocarimus,
615 2150 725 2193 haec
750 2145 855 2191 inde
892 2145 1087 2191 rationis
1116 2146 1346 2189 conclusio
1376 2160 1563 2191 evasura
1595 2150 1690 2190 est:
1750 2146 2054 2206 Quaecunque
2087 2145 2249 2194 relatio
2269 2155 2340 2194 est
2358 2151 2430 2195 in-

307 2225 381 2266 ter
399 2218 513 2264 duas
529 2231 605 2261 res
617 2245 635 2267 ,
664 2229 716 2259 ea
734 2213 928 2258 indicari
946 2228 1033 2257 non
1052 2217 1206 2272 potest
1223 2213 1313 2256 nisi
1330 2227 1382 2256 ea
1402 2227 1475 2267 re,
1509 2215 1556 2257 in
1585 2228 1671 2271 qua
1693 2214 1794 2273 ipsa
1814 2216 1964 2273 posita
1981 2220 2055 2260 est
2070 2216 2223 2273 aliqua
2242 2218 2425 2267 relatio.

306 2286 459 2347 Atqui
484 2285 533 2331 in
563 2282 701 2333 verbo
731 2296 884 2335 esse,
923 2296 1014 2340 qno
1043 2281 1089 2325 in
1117 2281 1324 2325 omnibus
1350 2280 1498 2326 verbis
1519 2282 1682 2326 relatio
1700 2297 1776 2334 ea,
1806 2298 1920 2341 quae
1939 2288 2012 2330 est
2027 2284 2148 2329 inter
2168 2284 2422 2333 subiectum

308 2361 356 2403 et
380 2353 717 2416 praedicatum,
755 2349 1013 2401 indicatur,
1052 2350 1178 2394 nulla
1207 2351 1297 2395 alia
1325 2351 1416 2396 nisi
1447 2355 1695 2411 temporum
1724 2352 1886 2411 relatio
1913 2352 2050 2401 inest.
2103 2352 2226 2409 Ergo
2243 2354 2422 2412 relatio,

306 2437 425 2484 quae
438 2423 559 2467 inter
577 2420 826 2464 subiectum
851 2424 898 2463 et
919 2418 1226 2477 praedicatum
1245 2425 1341 2475 est,
1379 2424 1631 2478 temporum
1657 2425 1827 2464 tantum
1855 2421 2077 2466 relatione
2113 2420 2305 2467 indicari
2338 2436 2421 2482 po-

310 2497 417 2540 test.
471 2492 545 2537 At
572 2489 682 2533 baec
714 2488 1043 2544 argumentatio
1075 2487 1197 2532 baud
1220 2489 1396 2546 exiguis
1418 2494 1491 2533 est
1511 2487 1712 2547 praedita
1736 2488 1874 2535 vitiis.
1934 2488 2071 2547 Quod
2091 2489 2207 2539 enim
2224 2493 2422 2549 sumpsit

308 2561 618 2612 Hei-mannus,
646 2557 910 2601 relationem
931 2571 1016 2600 non
1034 2571 1167 2615 posse
1185 2556 1273 2601 nisi
1294 2572 1347 2600 ea
1367 2571 1432 2610 re,
1459 2557 1506 2599 in
1524 2571 1611 2615 qua
1629 2557 1728 2617 ipsa
1747 2559 1811 2603 sit
1828 2558 1978 2618 posita
1999 2559 2161 2605 relatio
2181 2559 2421 2618 quaedam,

310 2628 523 2682 indicari,
559 2640 691 2685 quem
721 2640 890 2683 quaeso
919 2624 966 2668 id
995 2626 1083 2670 sibi
1113 2630 1245 2686 putat
1264 2639 1574 2669 concessurum
1592 2622 1727 2671 esse?
1782 2626 1851 2671 Ut
1868 2628 1983 2670 enim
1999 2641 2152 2671 omnes
2169 2642 2319 2672 rernm
2340 2642 2420 2673 no·

312 2697 457 2743 tiones
489 2709 514 2739 a
543 2696 696 2754 lingua
723 2708 811 2740 nou
843 2694 949 2740 aliis
976 2694 1233 2740 notionibus
1263 2691 1345 2738 sed
1370 2692 1509 2751 signis
1537 2700 1709 2740 tantum
1740 2710 1893 2741 earum
1912 2695 2104 2741 indicari
2125 2702 2322 2750 constat,
2351 2697 2418 2740 ita

310 2765 544 2812 relationis
569 2779 743 2824 quoque
775 2765 900 2811 notio
924 2777 1013 2808 non
1045 2764 1133 2809 alia
1164 2763 1387 2810 relatione
1414 2763 1494 2809 sed
1520 2765 1647 2824 signo
1676 2769 1852 2829 tantum
1882 2766 1979 2811 eius
2005 2764 2186 2816 debebit
2215 2763 2417 2826 exprimi.
