2744 3409
1169 105 1595 156 ...29-

320 243 560 300 ἑσπόμην
589 246 746 294 κακοῖς
805 239 980 288 ΤΙιιιο.
1008 236 1098 286 111.
1127 240 1201 288 ³4.
1216 239 1275 286 εἶ
1292 239 1339 285 τέ
1365 256 1406 284 τι
1428 236 1529 285 ἄλλο
1558 235 1647 283 κατ’
1673 235 1827 282 ἐκεῖνον
1861 235 1929 281 τὸν
1962 234 2118 295 χρόνον
2149 234 2309 291 ἐγένετο
2335 235 2422 279 Z-:u-

318 317 507 360 κῐιδυνον
539 316 627 362 τοῖς
645 308 828 367 Ἕλλνσι,
854 307 1023 354 πάντων
1050 306 1165 368 παρὰ
1195 306 1371 370 δύναμιν
1399 307 1741 365 μετέσχομεν.
1799 301 1851 348 si
1881 317 1984 350 vero
2012 304 2113 364 quis
2147 302 2313 346 dixerit
2334 301 2426 344 for-

313 387 463 435 tasse,
499 379 717 423 aoristum
745 391 907 438 posse,
944 377 1253 437 imperfectum
1286 376 1451 421 debere
1478 377 1563 420 hac
1588 376 1765 419 ratione
1790 376 2029 434 usurpari,
2067 389 2121 417 ne
2146 369 2212 416 ita
2239 369 2421 430 quidem

310 453 465 510 potest
495 446 736 491 discrimen
763 446 879 490 illud
908 461 991 507 pro
1017 461 1124 491 vero
1153 447 1330 501 haberi,
1367 444 1489 505 quod
1514 446 1629 489 enim
1650 443 1826 488 duabus
1848 443 1983 487 rebus
1998 455 2226 488 commune
2247 444 2343 489 est,
2375 436 2420 481 id

314 520 443 563 nullo
468 514 600 561 modo
622 520 674 558 ut
696 515 928 575 proprium
953 520 1002 560 et
1016 516 1242 577 peculiare
1261 514 1488 575 quoddam
1507 515 1703 559 tribuere
1722 529 1876 559 earum
1898 512 2032 556 alteri
2050 512 2174 555 licet.

448 615 580 674 Quae
618 628 754 673 quum
794 615 860 659 ita
899 614 1019 671 sint,
1063 620 1188 660 recte
1222 614 1538 659 Disaenius
1569 615 1639 674 (p.
1665 613 1763 672 18.)
1801 614 1979 673 „quum
2015 611 2215 661 nullum,
2253 607 2421 665 inquit,

310 684 489 732 omnino
516 687 695 742 tempus
712 683 895 743 proprie
914 697 1011 729 eam
1030 685 1120 730 vim
1141 684 1330 738 haheat,
1366 687 1418 727 ut
1449 682 1585 728 simul
1599 683 1740 728 semel
1758 695 1812 725 an
1835 680 2014 740 saepius
2033 692 2110 724 res
2132 678 2282 735 aliqua
2300 677 2420 719 iacta

313 754 398 807 sit,
427 752 534 804 fiat,
561 750 712 793 futura
731 751 823 804 sit,
850 749 1019 794 indicet
1029 781 1050 802 ,
1075 753 1190 796 nihil
1218 751 1400 802 obstat,
1423 752 1662 810 quominus
1685 750 1842 794 eadem
1863 749 1988 793 verbi
2009 749 2154 791 forma
2171 745 2419 805 promiscue

310 821 481 872 utaris,
521 818 619 861 sive
644 819 811 870 semel,
856 818 952 862 sive
975 821 1223 864 sexcenties
1251 835 1347 863 rem
1374 820 1570 878 aliquam
1596 821 1759 863 factam
1791 833 1894 862 esse
1925 816 2181 874 significare
2211 813 2348 862 velis,
2379 809 2419 852 si

304 887 459 940 modo,
496 884 607 942 quid
639 902 907 942 unoquoque
943 888 1045 931 loco
1071 904 1226 932 verum
1254 888 1411 932 haberi
1432 888 1617 942 debeat,
1650 886 1831 932 aliunde
1854 890 2047 932 constet.
2109 882 2261 940 Quare
2281 889 2419 937 quum

303 953 584 1001 definiendus
622 954 687 1000 sit
723 970 963 1009 numerus,
1008 955 1180 1002 scimus
1213 973 1368 1003 omnes
1399 956 1613 1004 adverbia
1636 955 1885 1002 numeralia
1910 952 2017 1018 addi
2046 950 2235 1004 debere,
2270 951 2324 993 ut
2354 949 2418 998 δὶς

302 1021 646 1082 ἔστεφανώσατος
682 1020 760 1069 ubi
788 1037 894 1070 vero
922 1023 1193 1083 simpliciter
1219 1039 1309 1071 una
1340 1024 1534 1085 quadam
1566 1024 1787 1085 temporis
1812 1027 1943 1084 parte
1962 1021 2108 1068 iactae
2127 1031 2202 1065 res
2220 1014 2420 1063 indican-

302 1099 402 1150 tur,
434 1096 513 1137 aut
531 1106 646 1151 quae
666 1090 858 1139 diversis
876 1092 1113 1138 momentis
1134 1094 1356 1154 repetitae
1377 1095 1424 1140 iu
1442 1094 1807 1140 consuetudinem
1829 1093 2066 1143 abierunt,
2092 1087 2226 1134 facile
2243 1099 2295 1129 ex
2321 1096 2419 1126 sen·

301 1178 356 1209 su
375 1162 492 1215 loci,
518 1160 629 1219 quid
647 1174 799 1211 verum
820 1160 909 1216 sit,
935 1162 1168 1209 eruitur.“
1221 1163 1312 1210 His
1339 1168 1487 1209 autem
1514 1163 1650 1209 lectis
1666 1176 1803 1221 quum
1820 1175 1951 1207 nemo
1970 1172 2058 1204 nou
2074 1158 2416 1214 exspectaturus

298 1232 388 1283 sit,
416 1228 755 1274 consuetudinis
782 1229 1007 1274 notionem
1038 1231 1255 1274 tributum
1292 1246 1319 1276 a
1345 1232 1560 1278 Dissenio
1587 1232 1646 1276 iri
1679 1230 1961 1290 temporibus
1990 1226 2224 1276 omnihus,
2260 1219 2415 1279 paullo

298 1302 404 1357 post
437 1301 585 1340 tamen
612 1297 694 1339 ille
717 1296 861 1349 falsa,
894 1311 1028 1355 quam
1057 1298 1134 1342 de
1144 1300 1367 1342 relatione
1394 1301 1484 1343 sihi
1510 1300 1668 1352 finxit,
1696 1299 1905 1355 opinione
1928 1296 2141 1352 deceptus
2158 1296 2207 1335 et
2225 1286 2418 1332 ιοῙιιιιὶιιι

296 1363 552 1424 praesentia
588 1361 819 1405 contendit
847 1358 1110 1420 excipienda
1139 1365 1246 1409 iude
1273 1364 1326 1421 ¹¹¹³)
1367 1371 1414 1409 et
1442 1366 1604 1410 aoristi
1638 1367 1753 1409 hane
1786 1362 2156 1422 significationem
2192 1353 2420 1416 propriam

299 1447 399 1477 esse
420 1429 518 1482 W).
575 1426 707 1483 Quae
737 1429 1015 1483 quantopere
1046 1438 1245 1485 pugnent
1271 1447 1371 1477 cum
1403 1430 1803 1483 antecedentibus,
1827 1433 1900 1476 vix
1918 1435 2069 1483 esset,
2094 1442 2176 1472 cur
2196 1434 2418 1476 monerem

300 1500 385 1544 hoc
421 1489 546 1547 loeo,
584 1492 674 1536 nisi
697 1493 1016 1549 grammaticos
1033 1507 1137 1548 eos,
1165 1496 1243 1553 qui
1264 1501 1370 1559 post
1389 1492 1656 1544 Disaenium
1678 1514 1855 1552 quoqne
1875 1494 2213 1543 consuetudinis
2236 1492 2324 1536 iim
2346 1502 2418 1532 ιο-

301 1567 488 1612 lnerunt
520 1560 751 1620 propriam
779 1560 951 1604 aoristo
978 1573 1109 1615 esse,
1145 1576 1334 1620 prorsus
1357 1553 1528 1618 fugisse
1556 1554 1786 1603 videretur
1815 1558 2109 1615 repugnantia
2139 1558 2236 1600 illa.
2293 1554 2413 1597 Lau·

305 1632 482 1679 dandus
511 1629 654 1685 igitur
686 1633 759 1673 est
796 1629 839 1672 A
858 1628 1317 1683 ug.1··r1tsch1us
1353 1627 1431 1684 qui
1464 1639 1609 1684 nuper
1638 1625 1811 1683 primus
1847 1624 2025 1667 tandem
2062 1630 2217 1682 aperte
2246 1621 2415 1673 docuit,

304 1701 450 1747 onmia
479 1697 575 1740 sine
604 1697 699 1738 ulla
730 1695 985 1753 exceptione
1014 1700 1215 1751 tempora
1250 1693 1307 1737 de
1337 1694 1661 1739 consuetudine
1688 1693 1779 1737 dici
1806 1706 1948 1750 neque
1973 1692 2075 1736 hinc
2108 1692 2250 1749 igitur
2266 1691 2413 1734 ullum

301 1772 422 1816 inter
443 1767 543 1825 ipsa
566 1768 771 1821 tempora
791 1762 1029 1805 discrimen
1050 1762 1144 1820 peti
1165 1776 1300 1818 posse
1317 1761 1442 1818 ***).

346 1968 392 2008 x]
413 1965 550 2012 „Quae
577 1968 683 2003 quum
713 1960 763 1993 ita
787 1960 879 2004 sint,
912 1960 973 1993 hic
998 1959 1221 2002 significatus
1239 1982 1249 1992 .
1271 1985 1285 1995 ,
1300 1982 1312 1992 .
1331 1985 1341 1994 .
1374 1964 1470 1995 haud
1496 1966 1712 1998 cunctanter
1727 1964 1890 1998 omnibus
1908 1964 2048 1999 omnino
2067 1962 2284 2005 temporibus
2304 1961 2411 1996 tribui

438 2022 558 2064 potest
586 2019 733 2059 praeter
761 2016 969 2057 praesentia
992 2015 1199 2049 relativa.“
1252 2016 1342 2058 Quis
1363 2021 1485 2052 autem
1508 2027 1580 2052 non
1606 2016 1815 2059 mirabitur,
1857 2020 1977 2058 paullo
2004 2022 2086 2059 post
2111 2022 2229 2052 tamen
2251 2021 2304 2056 (p.
2328 2019 2405 2055 20.)

438 2075 567 2110 iisdem
592 2072 648 2106 his
674 2073 924 2114 praesentibus
945 2073 991 2106 ab
1010 2079 1053 2105 eo
1072 2072 1286 2106 aoristorum
1307 2074 1380 2106 vim
1396 2076 1472 2106 tum
1498 2074 1705 2108 universam
1725 2077 1798 2107 tum
1816 2082 1895 2107 eam
1914 2074 2044 2116 etiam,
2077 2082 2149 2117 qna
2165 2072 2328 2114 repetitio
2349 2071 2405 2105 in-

439 2129 601 2172 dicetur,
634 2128 807 2162 tributam
830 2126 943 2161 esse?
987 2128 1137 2161 Scilicet
1165 2131 1324 2163 relativa
1347 2132 1579 2173 praesentia,
1605 2140 1747 2173 „quum
1766 2132 1811 2163 ad
1837 2139 1944 2163 unum
1962 2131 2049 2163 illud
2066 2134 2276 2164 momentum
2293 2129 2405 2170 perti-

438 2191 569 2226 neant,
592 2191 661 2227 quo
688 2185 770 2226 quis
796 2184 844 2217 iis
871 2184 982 2217 utitur
993 2182 1018 2202 ‘⁶
1040 2185 1100 2224 (p.
1117 2186 1219 2228 19-3,
1249 2187 1307 2219 ubi
1331 2188 1381 2219 de
1407 2195 1448 2220 re
1473 2187 1628 2227 repetita
1655 2186 1841 2228 dicantur,
1862 2195 1932 2220 non
1950 2186 2105 2228 amplius
2121 2186 2289 2229 opinatur
2307 2183 2405 2225 talia,

437 2242 561 2285 qualia
583 2240 659 2282 ipse
686 2240 895 2282 constituit,
925 2239 1087 2272 relativa
1113 2247 1211 2272 esse.
1268 2243 1316 2275 Ut
1339 2245 1455 2275 autem
1474 2246 1615 2276 taceam
1634 2243 1848 2276 relationem
1869 2243 1972 2277 istam
1993 2243 2202 2286 saepissime
2219 2241 2406 2276 consocia-

435 2304 511 2332 tam
543 2307 626 2330 esse
660 2307 740 2331 cum
775 2296 1001 2336 repetitionis
1028 2297 1089 2338 vi,
1130 2296 1210 2337 quis
1240 2307 1311 2332 non
1338 2299 1529 2341 intelligit,
1549 2299 1584 2332 si
1601 2301 1669 2332 hoc
1687 2301 1790 2333 modo
1808 2300 1940 2333 liceret
1950 2304 1986 2333 et
2008 2301 2225 2334 constituere
2241 2298 2401 2333 not10nes

436 2361 637 2396 temporum
660 2359 697 2387 et
725 2353 943 2388 constitutas
970 2361 1100 2386 rursus
1126 2354 1278 2396 tollere,
1308 2359 1383 2387 tum
1402 2354 1636 2388 futilissimas
1656 2363 1819 2398 quasque
1847 2357 1990 2390 defendi
2009 2364 2037 2390 a
2058 2364 2194 2399 quoque
2211 2363 2318 2398 posse
2341 2354 2399 2387 sa·

435 2406 598 2445 cilliane?

347 2476 415 2519 *ἡ
436 2475 658 2521 „concedas
683 2474 881 2516 perfectum
904 2471 1133 2520 (ξινήρπακε
1154 2474 1242 2509 illud
1271 2483 1315 2507 ex
1343 2476 1437 2509 Xen.
1466 2476 1627 2516 Cyn-op.)
1650 2484 1743 2509 nunc
1770 2485 1840 2510 non
1867 2485 1977 2520 agere
2004 2480 2047 2510 de
2072 2486 2111 2511 re
2137 2481 2209 2510 tum
2236 2483 2398 2516 peracta,

437 2541 545 2575 quum
571 2533 675 2567 Ιιοιιιο
697 2532 926 2575 loqueretur,
957 2533 1020 2565 sed
1050 2532 1154 2566 cuius
1181 2532 1341 2575 peractio
1367 2531 1527 2566 diversis
1554 2532 1667 2575 iisque
1695 2532 1887 2568 indefinitis
1916 2534 2082 2575 temporis
2102 2533 2264 2576 partibus
2284 2532 2398 2573 repeti

369 2592 376 2597 ”
433 2590 592 2632 dicatur,
624 2590 745 2632 quod
768 2594 842 2621 est
871 2586 1098 2622 aoristi.··³

346 2653 439 2696 *²3⁹0
463 2655 521 2688 cf.
547 2656 639 2689 liber
666 2654 765 2699 eius,
799 2654 858 2697 qui
875 2654 1083 2688 inscribitur
1107 2654 1226 2688 Kritik
1251 2656 1316 2689 der
1342 2655 1543 2697 bisherigen
1562 2654 1787 2690 Grammatik
1806 2657 1843 2690 P.
1863 2657 1887 2690 1.
1909 2665 1942 2697 p.
1964 2658 2018 2689 19.
2065 2657 2181 2696 Quam
2201 2658 2397 2689 vehemen-

432 2714 490 2746 ter
508 2716 625 2747 autem
646 2713 866 2756 grammatici
886 2718 1028 2754 propter
1045 2712 1240 2755 opinionis,
1274 2720 1380 2755 quam
1399 2713 1613 2757 defendunt,
1647 2716 1842 2747 vanitatem
1875 2722 1997 2747 secum
2020 2712 2091 2756 ipsi
2119 2714 2156 2747 in
2175 2715 2243 2748 hac
2262 2721 2301 2747 re
2322 2713 2396 2744 dis-

432 2769 600 2813 sennenn
629 2770 721 2805 idem
739 2771 799 2804 ille
820 2771 973 2805 ostendit
990 2770 1026 2805 ἰιι
1044 2770 1337 2805 commentatione
1355 2773 1398 2804 de
1415 2770 1549 2805 aoristo
1565 2770 1699 2812 scripta
1718 2781 1749 2811 p.
1767 2772 1800 2802 9.
