2744 3409
1142 103 1570 156 -15—

287 240 575 285 excitavimus
595 243 725 283 antea
742 239 806 297 (p.
824 241 896 286 ⁷6.
916 243 964 284 et
980 240 1079 296 ⁷⁷.)
1103 252 1191 284 non
1210 238 1391 283 dubitat
1411 238 1490 283 ille
1506 249 1695 297 pergere
1711 235 1800 280 ita:
1858 235 2059 297 „Neque
2081 239 2233 281 tamen
2253 235 2399 279 solum

288 309 449 354 aoristi
472 306 554 352 sed
585 308 718 352 etiam
745 309 935 354 relativa
964 313 1168 368 tempora
1201 307 1406 353 relativis
1439 308 1747 353 illustrantur.
1805 303 1935 353 Caes,
1969 306 2025 351 de
2053 306 2100 353 h.
2128 304 2241 348 cin:
2280 301 2402 348 Hinc

283 392 420 437 quum
441 391 490 421 se
509 379 708 437 recipere
728 378 924 430 vellent,
959 391 1122 424 rursus
1148 377 1219 423 illi
1238 391 1293 421 ex
1319 378 1421 421 loco
1439 377 1672 436 superiore
1688 379 1869 421 nostros
1894 375 2169 434 premebant.
2180 377 2212 400 “
2272 372 2400 432 Quid

282 448 432 491 autem
452 445 533 490 hoc
555 445 678 491 aliud
697 449 770 490 est
787 443 876 489 nisi
895 445 1058 501 fateri,
1097 446 1339 494 discrimen
1365 445 1424 490 ab
1450 445 1549 506 ipso
1572 448 1691 491 inter
1713 445 1931 490 aoristum
1952 448 1999 489 et
2015 445 2201 489 relativa
2222 447 2399 502 tempo·

279 528 330 560 ra
350 514 545 574 positum
563 516 728 561 falsum
749 519 798 559 et
822 517 1176 562 commenticium
1195 510 1328 561 esse?
1356 514 1405 559 id
1423 514 1545 574 quod
1563 516 1703 572 magis
1724 516 1858 560 etiam
1882 514 2195 559 intellecturus
2214 512 2395 565 fnisset,

279 584 319 628 si
348 598 434 629 non
459 583 665 629 relativis
694 585 841 629 solum
869 581 950 627 sed
979 585 1163 632 aoristis
1191 584 1328 630 etiam
1361 583 1591 631 illustrari
1618 583 1806 629 relativa
1835 584 1887 642 Ψ)
1923 580 2188 630 recordatus
2213 579 2394 627 fuisset·

279 651 474 697 Omnino
496 651 613 697 enim
633 649 745 698 adeo
766 666 852 698 non
870 651 1051 700 videtur
1067 653 1359 701 relativorum
1380 667 1495 710 esse,
1522 654 1756 701 illustrare
1772 652 1888 705 alia,
1914 658 1968 699 ut
1986 653 2088 712 ipsa
2104 649 2256 709 potius
2278 660 2394 692 sem-

275 735 358 779 per
374 721 612 766 videantur
630 720 900 766 illustranda
920 723 1101 769 aliunde
1118 737 1238 772 esse.
1295 722 1432 783 Quod
1455 723 1572 769 enim
1602 722 1692 769 alio
1711 734 1888 782 semper
1904 718 2184 766 referendum
2203 720 2299 770 est,
2326 713 2393 766 id,

274 788 364 831 nisi
391 792 473 831 aut
504 793 652 833 mente
680 793 761 833 ant
783 790 930 835 verbis
956 792 1040 838 hoc
1072 793 1163 838 alio
1194 791 1375 847 addito,
1415 805 1502 837 non
1530 795 1684 853 potest
1708 790 1920 848 intelligi.
1979 785 2115 848 Quod
2133 789 2281 830 autem
2301 781 2392 827 alio

274 855 450 900 demum
472 856 626 902 addito
657 858 852 915 intelligi
880 864 1056 919 potest,
1092 861 1141 906 id
1169 861 1253 906 hoc
1283 861 1374 905 alio
1401 860 1629 906 illustrari
1646 864 1850 919 apertum
1870 862 1957 907 est.
2015 856 2258 904 Aul-istum
2283 864 2391 896 con-

273 928 345 968 tra
365 938 523 982 quum,
554 930 608 969 ut
624 926 723 986 ipse
740 926 982 973 Disaenius
1002 929 1092 985 ait,
1129 944 1213 989 per
1237 943 1289 975 se
1308 934 1515 976 constare
1534 928 1682 990 possit
1699 942 1787 974 non
1805 925 2267 983 necessario'apparet
2283 932 2389 978 ego-

270 1007 321 1037 re
340 993 646 1039 illustratione
661 995 761 1041 illa.
817 994 948 1053 Quae
973 1011 1111 1055 quum
1139 998 1208 1041 ita
1228 998 1323 1042 sint
1341 1003 1543 1042 statuere
1569 997 1774 1056 proiecto
1793 993 1928 1050 licet,
1957 1007 1983 1037 a
2000 990 2218 1038 Dissenio
2235 992 2289 1032 ut
2311 1000 2391 1030 an-

272 1067 347 1105 tea
365 1073 453 1107 non
469 1062 687 1122 exipsius
710 1063 946 1108 relationis
970 1064 1015 1109 vi
1044 1068 1092 1109 et
1120 1068 1370 1125 potestate,
1401 1065 1467 1111 ita
1483 1079 1599 1111 nunc
1621 1078 1677 1110 ne
1697 1078 1753 1109 ex
1775 1068 2026 1123 temporum
2045 1058 2226 1121 quidem
2247 1053 2390 1113 origi·

269 1144 325 1174 ne
346 1136 469 1176 recte
489 1145 541 1177 se
557 1132 821 1177 relationem
847 1136 1097 1192 temporum
1118 1134 1350 1180 definiisse
1369 1135 1724 1180 demonstratum
1746 1145 1863 1181 esse.

401 1228 644 1289 Reliquum
673 1234 770 1285 est,
807 1234 860 1275 ut
883 1230 1140 1287 videamus,
1175 1231 1399 1292 quomodo
1427 1233 1621 1290 singulis
1645 1231 1774 1277 verbi
1788 1228 2068 1287 temporibus
2088 1227 2181 1270 ista
2200 1220 2387 1267 relatio-

265 1297 337 1341 nis
364 1298 488 1343 notio
525 1312 552 1343 a
578 1297 794 1343 Dissenio
821 1298 1045 1344 vindicata
1068 1299 1149 1345 sit.
1202 1298 1454 1358 Postquam
1481 1301 1565 1345 illo
1592 1302 1838 1360 praeeunte
1863 1294 2077 1341 Harrisio
2106 1291 2190 1351 W)
2226 1302 2384 1335 novem

265 1365 562 1422 enumeravit,
596 1378 710 1425 quae
742 1366 982 1412 relativum
1009 1380 1142 1413 usum
1171 1365 1415 1413 admittant
1443 1373 1674 1428 tempora,
1712 1367 1905 1428 primum
1936 1364 2028 1409 tria
2046 1359 2237 1407 relativa
2256 1369 2388 1419 prae·

266 1434 412 1476 sentia
449 1434 638 1490 (τύπτω,
675 1433 818 1489 τύψω,
855 1435 1034 1491 τέτυφα)
1064 1437 1131 1478 ita
1162 1434 1220 1479 ad
1250 1450 1377 1481 suam
1404 1438 1640 1483 relationis
1667 1436 1894 1482 notionem
1932 1444 2144 1479 revocare
2182 1430 2387 1474 conatur.

264 1498 375 1552 „Ex
400 1498 484 1551 iis,
513 1499 688 1555 inquit,
728 1512 845 1555 quae
876 1513 1018 1557 supra
1045 1500 1100 1542 de
1126 1505 1328 1558 tempore
1360 1502 1594 1560 disputata
1623 1509 1755 1559 sunt,
1791 1518 1870 1547 eas
1891 1515 1967 1547 res
1986 1503 2115 1558 patet
2134 1510 2237 1541 esse
2253 1506 2386 1553 prae-

265 1570 445 1619 sentes,
483 1579 599 1623 quae
624 1579 714 1610 una
741 1569 919 1612 exstent
947 1581 1049 1612 cum
1062 1567 1339 1624 cogitatione
1362 1574 1535 1616 nostra.
1591 1567 1746 1624 Quare
1766 1578 1904 1622 quum
1925 1577 1979 1607 ea
1999 1576 2105 1608 vera
2125 1561 2288 1605 relatio
2303 1559 2381 1612 sit,

262 1633 305 1679 si
326 1632 437 1693 quid
452 1638 575 1679 recte
592 1633 782 1692 cogitari
800 1649 888 1680 non
906 1633 1075 1693 possit,
1105 1632 1195 1678 nisi
1215 1648 1315 1679 cum
1340 1634 1429 1679 alio
1446 1633 1637 1694 quodam
1653 1633 1897 1691 cogitatum
1911 1663 1925 1686 ,
1952 1644 2053 1676 cum
2073 1642 2162 1687 quo
2175 1659 2190 1682 ,
2218 1625 2381 1681 sitiat,

262 1715 350 1745 una
370 1703 450 1745 fiat
468 1698 715 1759 'eodemque
736 1705 960 1762 tempore,
989 1699 1100 1759 quid
1119 1699 1380 1746 dubitamus
1392 1734 1407 1757 ‚
1442 1703 1533 1747 tria
1550 1703 1642 1746 ista
1659 1708 1861 1759 tempora
1880 1698 2072 1744 relativa
2088 1709 2215 1750 esse,
2248 1707 2381 1752 quae,

260 1768 382 1828 quod
408 1774 605 1827 ponunt,
640 1770 689 1810 in
713 1781 767 1811 eo
795 1769 896 1827 ipso
922 1773 1124 1825 tempore
1150 1774 1324 1826 ponunt
1346 1784 1436 1827 quo
1467 1769 1741 1826 cogitamus,
1768 1772 1839 1823 et,
1868 1767 2062 1826 quae-si
2086 1763 2382 1811 contenderes

261 1838 359 1882 sine
392 1836 527 1881 istius
557 1837 779 1881 momenti
800 1834 1071 1892 cogitatione
1098 1830 1224 1880 recte
1257 1851 1391 1896 posse
1420 1837 1641 1895 intelligi,
1670 1838 1817 1882 visua
1840 1836 2071 1896 privares,
2097 1836 2381 1893 aci-istosque

259 1901 463 1950 faceres?
521 1903 599 1949 Sic
618 1918 660 1949 v.
681 1917 721 1948 c.
740 1901 881 1946 illud:
921 1900 1145 1956 dicunt,
1172 1903 1399 1958 ferunt,
1436 1905 1615 1964 quando
1635 1922 1722 1952 non
1742 1904 2015 1963 intelligitur
2034 1903 2090 1950 de
2112 1920 2165 1950 eo
2185 1916 2381 1949 momen-

261 1981 335 2028 to,
363 1988 451 2032 quo
472 1972 700 2035 loquimur
716 1975 764 2012 et
784 1970 1056 2025 cogitamus,
1084 1967 1139 2010 de
1163 1969 1313 2026 aliqua
1339 1984 1601 2027 quacunque
1629 1975 1883 2031 praesentis
1909 1973 2281 2031 temporioparte
2304 1983 2379 2014 ac·

260 2039 514 2102 cipiendum
544 2039 588 2085 h.
614 2053 654 2085 e.
681 2053 764 2097 pro
795 2037 965 2081 aoristo
992 2033 1299 2081 habendum.“
1354 2035 1429 2081 Ne
1459 2042 1608 2081 tamen
1635 2039 1863 2083 desideret
1891 2038 1994 2096 quis
2017 2038 2066 2081 in
2080 2037 2151 2081 his
2169 2036 2373 2080 relativis

261 2124 357 2154 eam
389 2122 507 2162 rem,
543 2105 602 2150 ad
631 2121 764 2163 quam
793 2104 1050 2169 pertineant
1077 2117 1154 2158 ea,
1193 2101 1466 2148 adiiciuntur
1493 2119 1520 2148 a
1539 2104 1753 2152 Dissenio
1782 2108 1965 2151 haecce:
1993 2104 2246 2163 „cogitatio
2265 2102 2371 2148 dum

305 2308 349 2350 *J
371 2308 429 2342 Cf.
461 2309 564 2342 Rom.
596 2307 646 2340 Jl.
678 2317 716 2348 s,
749 2308 832 2341 571.
877 2302 1025 2344 Αἰνείας
1057 2302 1149 2341 δὀὔ
1179 2306 1332 2351 μεῖνε,
1368 2305 1460 2345 θοός
1491 2318 1561 2354 περ
1580 2305 1650 2344 {viu
1673 2304 1906 2353 πολεμιστής,
1947 2305 2018 2348 Ὡς
2037 2304 2161 2343 εἶδεν
2187 2302 2250 2342 ὃῦο
2271 2303 2367 2353 φῶτε

397 2360 486 2409 παρ’
509 2359 694 2407 ἀλλήλοισι
713 2361 877 2407 μένοντε.
1826 2403 1841 2414 “

303 2428 351 2472 *J
372 2429 564 2465 Disaenius
591 2430 665 2464 etsi
687 2431 782 2464 haud
798 2436 917 2473 panca
943 2436 991 2462 ex
1015 2427 1211 2463 uberrimis
1236 2427 1395 2463 Han-isii
1421 2427 1581 2463 fontibus
1606 2430 1753 2465 deduxit
1772 2430 1808 2464 in
1835 2431 1976 2465 rivulos
2002 2440 2109 2477 suos,
2140 2429 2283 2465 silentio
2307 2435 2364 2462 ta·

396 2491 481 2520 men
496 2484 632 2527 premit
643 2495 772 2522 nomen
791 2485 870 2521 eius
888 2487 925 2520 et
943 2484 1143 2528 quasiipse
1162 2485 1211 2519 sit
1229 2490 1355 2520 auctor
1371 2485 1477 2521 huius
1495 2486 1684 2521 divisionis
1710 2493 1909 2530 temporum
1931 2497 2125 2533 „causam
2151 2485 2284 2529 inquit,
2305 2484 2364 2520 in-

395 2541 561 2589 telliges,
584 2550 699 2587 quare
719 2545 813 2579 hanc
836 2549 1033 2587 temporum
1048 2541 1291 2579 relativorum
1306 2542 1533 2586 partitionem
1550 2545 1722 2580 fecerim:

575 2618 752 2653 praesens
1196 2610 1432 2651 praeteritum
1912 2612 2071 2644 futurum

437 2672 492 2707 pr·
511 2664 611 2710 impf.
635 2665 804 2712 παῦομαι
1044 2666 1162 2707 praet.
1180 2664 1281 2709 impf.
1301 2664 1493 2712 ἐπαυόμην
1751 2670 1819 2703 fut.
1836 2668 1931 2710 impf.
1955 2664 2147 2711 πιῦσομαι

440 2730 493 2762 1²1²·
513 2724 561 2764 pf.
637 2725 830 2770 πέπαυμαι
1045 2725 1160 2766 praet.
1181 2725 1276 2766 perf.
1299 2721 1515 2768 ἐπεπαύμην
1748 2725 1816 2759 fut.
1835 2725 1885 2767 pr.
1954 2723 2186 2767 πεπαυμένος
2203 2722 2334 2768 ἔσομαι

437 2786 488 2818 Pr.
507 2780 534 2813 f,
634 2780 750 2824 μέλλω
766 2777 952 2816 παύεσθαι
1040 2780 1154 2822 praet.
1170 2780 1198 2815 f.
1295 2777 1445 2823 ἔμελλον
1460 2775 1648 2816 παύεσθαι
1748 2783 1815 2817 tut.
1833 2784 1861 2817 f.
1951 2775 2179 2825 ποιησόμενος
2191 2778 2363 2825 ἔσομαώῐ
