2744 3409
1160 118 1594 169 ...m-..-

324 257 372 301 in
393 255 496 302 aliis
524 255 797 313 occupatur,
830 249 905 295 sui
933 249 1191 306 immemor,
1231 250 1334 298 fieri
1356 266 1443 300 non
1459 255 1613 313 petest
1634 253 1687 297 ιιι
1710 250 2037 298 animadvertat
2053 251 2353 314 praesentium
2378 253 2437 300 ad

330 341 381 370 se
407 326 549 385 ipsam
578 320 864 374 relationem3
901 333 990 378 quo
1009 319 1086 375 fit,
1114 325 1165 365 ut
1183 320 1293 366 haee
1311 335 1394 381 per
1418 336 1467 369 se
1484 325 1692 367 constare
1706 321 1808 367 visa
1820 349 1838 372 ,
1864 319 2048 365 definite
2066 327 2307 382 ponantur.
2364 322 2438 368 At

325 392 567 451 praeterita
595 394 642 433 et
667 389 821 433 futura
847 403 935 431 non
969 388 1228 437 referuntur
1258 389 1317 434 ad
1359 391 1673 449 cogitationem
1702 395 1925 444 nostram,
1965 393 2193 448 tamquam
2221 406 2320 437 cum
2347 404 2438 450 qua

325 474 410 505 una
437 461 484 503 et
508 458 642 503 simul
672 457 792 511 sint,
829 454 911 501 sed
940 454 997 500 ad
1023 470 1098 501 res
1125 457 1402 516 praeteritas
1421 464 1469 504 et
1484 460 1663 505 futuras
1682 459 1818 503 simul
1837 458 2005 509 factas,
2033 458 2171 503 simul
2187 458 2439 513 faciendas3

320 539 486 584 quare,
520 540 658 584 quum
686 525 848 570 relatio
873 523 945 568 hic
976 523 1040 568 sit
1057 524 1179 577 inter
1196 540 1271 571 res
1291 528 1552 585 cogitationi
1568 528 1767 573 obiectas
1779 558 1794 580 ,
1822 525 2052 571 scientiam
2067 528 2269 569 nostram
2286 525 2442 584 fugere

319 594 538 654 nequit.“
594 592 664 641 Ut
693 597 840 640 autem
869 591 1047 638 mittam
1068 593 1179 641 haec
1206 600 1435 655 postrema
1451 596 1609 649 verba,
1639 610 1755 654 quae
1774 601 1867 640 tam
1885 595 2071 641 obscura
2088 592 2289 653 profecto
2306 598 2354 637 et
2370 609 2444 638 re-

322 663 504 709 condita
523 668 649 719 sunt,
678 666 730 707 ιιι
747 662 1077 721 argumentatio
1095 664 1362 712 antecedens
1381 680 1491 711 suae
1515 664 1663 725 ipsius
1679 664 1812 723 quasi
1841 663 2166 710 imbecillitatis
2186 675 2320 707 sensu
2339 675 2444 721 per·

324 733 488 784 territa
519 734 565 777 in
596 733 754 777 horum
783 732 1066 778 dumetorum
1096 734 1298 780 latebras
1329 734 1535 781 videatur
1563 732 1803 791 confugere
1836 734 2057 788 voluisse,
2093 736 2147 778 ιιι
2169 732 2276 777 haec
2303 731 2445 788 igitur

323 804 502 846 mittam
528 806 575 844 et
593 807 793 861 tempora
812 803 892 845 illa
912 801 1151 852 concedam
1171 802 1364 857 idcirco,
1392 803 1497 862 quia
1514 803 1560 847 in
1580 801 1697 847 idem
1711 835 1727 856 ‚
1765 815 1856 861 quo
1877 803 2148 860 cogitemus,
2174 805 2351 861 tempus
2371 814 2446 845 ca·

326 870 466 921 dant,
493 884 631 927 posse
651 870 841 912 relativa
864 871 1108 927 appellari,
1133 870 1235 915 vide
1255 876 1427 924 tamen,
1456 874 1732 931 quantopere
1759 871 1829 921 vir
1860 869 2084 914 doctus-in
2105 869 2258 927 priore
2275 870 2355 913 illa
2372 882 2447 913 ra-

324 938 448 981 tione
480 935 785 980 concludenda
815 950 841 979 a
863 950 970 981 vera
992 938 1276 996 intelligendi
1307 938 1648 998 disserendique
1668 943 1766 982 arte
1784 936 2011 981 descierit.
2070 935 2222 980 Sumit
2245 938 2348 991 ille,
2375 950 2448 981 re-

325 1005 543 1050 lationem
567 1004 764 1063 positam
790 1005 838 1046 in
867 1017 920 1047 eo
946 1019 1073 1059 esse,
1107 1011 1162 1049 ιιι
1190 1021 1266 1052 res
1296 1009 1448 1065 alti
1470 1012 1592 1051 recte
1610 1022 1697 1050 non
1718 1005 1867 1065 possit
1883 1006 1971 1049 nisi
1987 1018 2075 1047 una
2093 1017 2193 1047 cum
2216 1003 2306 1046 alia
2324 1004 2448 1060 cogi-

330 1074 437 1120 tari.
493 1071 710 1118 Assumit
735 1075 1000 1130 praesentes
1032 1074 1255 1132 appellari
1280 1088 1360 1120 eas
1386 1089 1489 1125 res,
1519 1089 1634 1132 quae
1656 1089 1744 1118 una
1765 1077 1941 1117 exstent
1961 1087 2059 1116 cum
2079 1072 2352 1129 cogitatione
2367 1086 2448 1116 no-

325 1146 444 1185 stra.
503 1138 614 1182 Inde
642 1142 789 1180 autem
821 1139 920 1182 vult
940 1137 1083 1192 effici,
1116 1143 1319 1198 tempora
1339 1142 1620 1199 praesentia,
1649 1144 1787 1200 prout
1805 1154 1878 1185 res
1898 1140 1957 1185 iis
1978 1142 2122 1201 elatae
2145 1144 2226 1184 aut
2242 1153 2331 1183 una
2347 1152 2449 1183 cum

324 1206 597 1265 cogitatione
627 1209 785 1249 nostra
813 1209 893 1249 aut
923 1219 1057 1251 secus
1083 1207 1373 1265 cogitentur,
1408 1213 1488 1251 aut
1508 1208 1733 1253 instructa
1754 1211 1836 1254 aut
1855 1207 2074 1254 destituta
2096 1221 2195 1253 esse
2213 1205 2449 1252 relationis

324 1275 386 1321 vi.
446 1274 594 1332 Quasi
625 1287 756 1327 vero,
793 1275 836 1317 si
863 1280 1064 1329 constat,
1102 1289 1177 1319 res
1209 1280 1469 1335 praesentes
1505 1281 1688 1321 exstare
1713 1289 1802 1320 una
1838 1289 1939 1321 cum
1973 1277 2243 1334 cogitatione
2278 1280 2450 1329 nostra,

326 1341 524 1402 pendere
550 1346 703 1387 tamen
727 1357 781 1386 ex
807 1341 995 1386 libidine
1017 1344 1296 1402 loquentium
1318 1346 1467 1406 possit
1487 1352 1636 1390 utrum
1658 1344 1798 1390 velint
1817 1357 1894 1389 eas
1918 1345 1985 1390 ita
2003 1349 2232 1390 exstantes
2251 1345 2451 1403 cogitare

327 1426 483 1458 necne.
540 1409 639 1456 Imo
672 1411 713 1455 si
739 1411 811 1456 vel
841 1410 1028 1457 maxime
1053 1412 1163 1472 quid
1191 1428 1245 1458 ex
1271 1414 1356 1470 iis,
1386 1429 1501 1473 quae
1520 1429 1547 1459 a
1568 1415 1784 1459 Dissenio
1804 1419 1985 1472 sumpta
2005 1418 2137 1467 sunt,
2174 1415 2293 1459 effici
2322 1413 2451 1465 velis,

327 1481 443 1525 nihil
473 1478 597 1524 aliud
623 1479 821 1539 profecto
848 1481 931 1527 hoc
952 1498 1053 1528 esse
1079 1488 1255 1543 potest,
1295 1482 1381 1526 nisi
1399 1483 1653 1541 praesentia
1670 1486 1873 1540 tempora
1893 1480 1951 1525 ad
1967 1495 2105 1524 unum>
2125 1481 2274 1524 omnia
2294 1494 2450 1524 nume-

324 1548 468 1593 randa
486 1548 533 1589 in
551 1548 757 1589 relativi·
782 1564 900 1592 esso.
957 1551 1008 1594 N
1008 1568 1063 1594 on
1086 1554 1247 1594 mirum
1267 1550 1412 1606 igitur
1431 1549 1575 1594 videri
1599 1555 1780 1611 potest,
1815 1548 2068 1594 doctrinam
2091 1554 2183 1592 tam
2202 1562 2454 1606 repugnan-

324 1621 416 1660 tem
439 1611 723 1670 intelligendi
749 1613 960 1668 veritati,
995 1628 1198 1674 pugnare
1218 1618 1354 1662 etiam
1377 1631 1477 1660 cum
1505 1615 1718 1676 loquendi
1738 1631 1842 1662 usu.
1902 1615 2053 1674 Quum
2074 1615 2189 1661 enim
2212 1615 2455 1660 discrimen

325 1685 446 1728 inter
465 1681 703 1725 relativum
725 1695 941 1740 praesens
962 1689 1009 1727 et
1028 1689 1311 1744 praesentem
1332 1684 1550 1728 aoristnm
1575 1684 1620 1727 in
1651 1697 1705 1728 eo
1726 1681 1958 1727 rideamus
1979 1696 2005 1725 a
2024 1682 2238 1727 Dissenio
2256 1683 2455 1741 positum

329 1765 458 1802 esse,
486 1753 540 1792 ιιι
556 1762 633 1792 res
653 1749 842 1792 relative
864 1751 983 1792 elata
1006 1766 1058 1795 eo
1079 1755 1202 1812 ipso,
1241 1767 1329 1814 quo
1351 1753 1563 1811 loquatur
1584 1751 1715 1808 quis,
1751 1763 1828 1794 res
1856 1754 2005 1793 autem
2025 1748 2256 1793 indefinite
2273 1762 2457 1810 expres-

331 1832 384 1864 sa
402 1830 669 1877 quocunque
690 1816 781 1861 alio
799 1817 1051 1876 praesentis
1072 1821 1289 1878 temporis
1311 1824 1534 1863 momento
1560 1818 1739 1862 evenire
1757 1816 2008 1873 cogitetur,
2052 1818 2095 1860 si
2120 1831 2174 1861 ex
2193 1818 2276 1861 hoc
2296 1817 2458 1862 discri-

334 1888 454 1932 mine
484 1886 687 1932 tribuere
714 1885 1004 1943 aggredimur
1032 1902 1107 1942 ea,
1144 1902 1260 1946 quae
1294 1901 1344 1931 re
1373 1901 1475 1931 vera
1519 1885 1731 1942 usurpari
1756 1890 1973 1941 possunt,
2013 1885 2292 1943 praesentia,
2329 1885 2457 1931 dubii

332 1970 471 2016 saepe
503 1955 812 2009 haerebimus,
851 1956 945 1999 utri
973 1955 1125 2013 generi
1152 1952 1478 1998 annumeranda
1508 1952 1603 1996 sint
1628 1952 1824 2009 singula.
1886 1951 2149 2008 Occupatus
2174 1968 2256 2010 ego
2286 1970 2384 1999 sum
2408 1956 2458 1999 in

331 2023 572 2069 scribenda
584 2003 801 2081 {pistolm
859 2022 1010 2065 Intrat
1031 2022 1225 2076 amicus,
1260 2036 1350 2080 quo
1368 2025 1608 2079 conspecto
1635 2018 1833 2062 scribere
1853 2016 2025 2063 desino.
2084 2019 2307 2078 Quidnam
2329 2020 2459 2080 agis?

329 2093 411 2138 ille
431 2091 697 2148 interrogat.
758 2088 918 2135 Scribo
938 2090 1194 2146 epistolam,
1221 2088 1491 2147 respondeo.
1528 2087 1625 2131 Iam
1647 2092 1801 2130 utrum
1831 2089 2009 2146 tempus
2036 2086 2100 2131 sit
2125 2090 2314 2135 scribo
2342 2091 2458 2136 illud

335 2159 589 2219 quaeritur.
645 2156 771 2203 Num
797 2152 1073 2201 relativum?
1129 2157 1201 2202 At
1230 2157 1312 2202 illo
1330 2157 1454 2216 ipso,
1483 2170 1571 2215 quo
1598 2155 1811 2214 loquutus
1831 2169 1954 2211 sum,
1984 2159 2201 2219 temporis
2219 2165 2458 2216 momento,

330 2243 420 2273 non
459 2225 628 2286 scripsi
665 2226 876 2285 amplius.
936 2225 1016 2271 An
1055 2221 1289 2271 aoristus?
1345 2226 1419 2271 At
1460 2223 1653 2270 scribo
1690 2223 1806 2268 illud
1838 2225 2074 2272 manifesto
2109 2241 2196 2273 non
2223 2227 2280 2274 de
2305 2230 2457 2289 aliqua

332 2309 601 2357 quacunque
640 2294 723 2338 sed
752 2293 808 2337 de
848 2298 972 2337 certa
1002 2293 1194 2352 quadam
1228 2294 1445 2355 temporis
1476 2297 1608 2353 parte
1643 2292 1944 2352 accipiendum
1974 2300 2063 2342 est.
2120 2295 2290 2344 Neutri
2317 2298 2459 2356 igitur

334 2365 618 2411 annumerari
648 2368 814 2422 potest.
879 2361 1078 2420 Utrique
1106 2367 1263 2406 contra
1295 2364 1342 2406 in
1372 2363 1451 2411 his
1475 2362 1703 2411 Ciceronis
1738 2365 1842 2421 (pro
1870 2363 2082 2410 Cluentio
2110 2379 2150 2412 e.
2180 2366 2274 2423 18.)
2306 2367 2458 2412 verbis

333 2434 733 2494 „quotiescunque
760 2430 859 2475 dico
888 2431 1025 2474 toties
1054 2430 1164 2474 mihi
1199 2429 1357 2476 videor
1387 2431 1436 2475 in
1465 2429 1676 2474 iudicium
1707 2432 1911 2479 venire.“
1969 2432 2069 2479 Hoc
2088 2434 2204 2478 enim
2223 2448 2358 2494 quum
2379 2435 2458 2483 Ci-

333 2518 436 2549 cero
460 2501 552 2547 sibi
584 2506 632 2544 et
662 2501 743 2543 illo
770 2499 896 2559 ipso,
934 2513 1022 2558 quo
1051 2498 1199 2553 dicat,
1238 2505 1287 2544 et
1315 2500 1476 2557 quovis
1505 2500 1619 2553 alio,
1658 2516 1745 2558 que
1777 2505 1857 2544 aut
1874 2500 2042 2546 dixerit
2060 2507 2137 2546 aut
2155 2501 2361 2548 dicturus
2376 2504 2457 2558 sit,

337 2576 567 2630 tempore,
602 2565 748 2614 videri
780 2567 1024 2623 significet,
1065 2567 1196 2613 dico
1227 2566 1346 2613 illud
1379 2573 1566 2626 apparet
1601 2584 1683 2626 pro
1716 2570 1888 2615 aoriste
1921 2570 2055 2615 simul
2085 2577 2132 2616 et
2160 2586 2243 2631 pro
2268 2574 2457 2626 relativo

338 2637 590 2684 habendum
624 2650 741 2682 esse.
811 2634 934 2693 Ergo
965 2636 1019 2679 ab
1050 2636 1150 2695 ipsa
1183 2636 1340 2694 lingua
1368 2637 1493 2682 vides
1518 2638 1745 2696 repudiari
1770 2638 2008 2684 discrimen
2025 2639 2163 2695 illud3
2190 2639 2459 2701 repudiatur

343 2711 519 2760 autem,
558 2705 662 2764 quia
695 2703 752 2749 ab
783 2703 886 2764 ipsa
914 2705 1163 2763 praesentis
1194 2708 1358 2749 natura
1379 2705 1588 2753 abhorret
1605 2705 1715 2752 adeo
1735 2712 1783 2752 et
1804 2707 1995 2754 alienum
2015 2714 2111 2761 est,
2137 2714 2213 2764 ut,
2242 2710 2320 2767 qui
2341 2708 2458 2753 illud

343 2775 534 2823 statuit,
566 2774 607 2816 ei
631 2773 882 2820 necessario
902 2774 1037 2818 etiam
1064 2787 1281 2832 praesens
1302 2778 1477 2834 tempus
1500 2789 1587 2821 non
1605 2789 1706 2822 esse
1735 2789 1947 2835 praesens
1975 2776 2271 2823 confitendum
2294 2777 2378 2830 sit,
2408 2775 2458 2820 id

2336 2845 2457 2905 quod
