2744 3409
1184 84 1614 135 ...13-

255 272 259 274 v
339 223 455 266 enim
478 222 624 263 mente
646 214 823 273 quidem
844 228 923 259 nos
943 213 1097 259 eodem
1116 219 1341 276 tempore,
1371 229 1460 273 quo
1479 230 1532 259 ex
1554 216 1729 261 duabus
1752 216 2005 263 notionibus
2026 215 2234 278 relativis
2250 220 2448 264 accidere

338 290 531 334 dicimus
550 299 707 339 unam,
747 284 982 343 complecti
1002 288 1047 326 et
1066 283 1233 341 fingere
1251 298 1435 328 necesse
1456 290 1528 328 est
1550 286 1682 329 etiam
1703 288 1888 331 alteram
1903 318 1920 338 ,
1957 289 2057 333 fieri
2077 294 2225 332 autem
2250 288 2361 330 banc
2378 301 2451 331 re-

334 371 446 402 vera
464 358 544 398 aut
569 368 666 397 esse
696 352 883 397 simulac
913 351 967 394 fit
985 354 1065 395 aut
1081 356 1152 396 est
1168 352 1272 407 illa,
1299 350 1350 396 id
1377 350 1487 397 adeo
1510 368 1595 398 non
1614 368 1668 398 ex
1690 354 1924 407 relationis
1941 354 2122 415 'quidem
2140 356 2325 402 notione
2343 369 2450 400 con-

336 438 527 482 sequens
547 426 643 473 est,
672 426 725 465 ut
744 419 924 465 facilius
953 419 1087 464 etiam
1108 420 1209 479 quis
1231 426 1436 466 statuere
1454 427 1608 466 contra
1630 422 1776 482 possit
1797 421 1865 480 ἢ.

465 521 561 566 Iam
582 535 687 565 vero
706 524 759 562 ut
781 518 836 562 ab
856 519 1063 564 universo
1084 520 1316 565 relationis
1336 534 1496 579 genere
1514 526 1793 566 transeamus
1818 520 1876 566 ad
1894 521 2157 566 relationem
2174 528 2443 585 temporum,

328 592 439 635 hanc
468 590 647 650 quidem
678 603 733 631 ex
761 589 860 647 ipsa
890 589 1060 647 origine
1076 596 1327 650 temporum
1350 590 1657 635 demonstrare
1690 597 1877 635 conatur
1902 592 2149 636 Dissenius
2167 596 2308 636 talem
2324 608 2444 647 esse,

326 662 476 717 qualis
506 659 561 702 ab
588 658 689 715 ipso
711 654 893 700 definita
921 657 984 701 sit
1014 664 1161 704 antea.
1225 658 1404 703 Etenim
1434 658 1769 719 „quodcunque
1800 660 1875 714 fit,
1904 661 2082 719 inquit,
2122 666 2201 705 ant
2218 660 2445 720 praesenti

305 751 308 755 ·
326 733 407 771 aut
439 725 685 785 praeterito
715 729 794 768 aut
814 725 967 769 futuro
986 731 1190 787 tempore
1209 727 1309 771 fieri
1328 726 1489 772 debere
1509 734 1711 784 constat,
1749 728 1867 771 unde
1888 730 1976 771 tria
1996 729 2174 773 diversa
2192 734 2444 788 temporum

324 809 489 851 genera
515 795 561 837 in
588 793 754 849 linguis
776 792 1096 851 requiruntur.
1164 794 1260 839 Iam
1283 796 1324 839 si
1344 796 1544 841 indicare
1567 799 1761 842 velimus
1783 795 1955 855 aliquid
1977 812 2018 842 v.
2036 812 2076 841 c.
2096 803 2296 857 tempore
2311 809 2443 854 prae-

323 861 461 907 terito
481 864 681 920 gestum,
708 876 809 907 cum
827 862 960 907 hocce
978 863 1195 922 temporis
1220 864 1415 924 spatium
1440 879 1493 910 ex
1514 865 1684 925 ingenti
1704 870 2027 911 momentorum
2049 881 2232 911 numero
2251 865 2443 917 constet,

321 928 546 988 duplicem
576 931 706 988 sequi
732 930 889 975 licebit
914 931 1149 978 rationem.
1214 932 1466 978 Possumus
1498 934 1767 993 simpliciter
1795 933 1945 977 dicere
1972 948 2065 977 rem
2088 939 2290 991 tempore
2306 943 2439 988 prae-

320 997 456 1042 terito
482 997 675 1050 factam,
712 997 777 1042 ita
804 1001 858 1042 ut
885 1002 1182 1049 momentum,
1218 1013 1308 1055 qno
1336 1001 1459 1044 sacta
1480 1001 1566 1052 sit,
1594 999 1850 1043 accuratius
1872 1014 1959 1043 non
1979 999 2274 1052 definiamus3
2302 1002 2438 1054 atque

319 1064 432 1110 banc
458 1064 636 1125 quidem
665 1065 713 1111 in
739 1078 835 1110 rem
863 1068 1044 1108 utemur
1075 1064 1341 1114 aoristis.
1398 1065 1476 1113 Sic
1504 1066 1551 1112 in
1573 1065 1681 1112 hoc:
1720 1065 1876 1113 Deus
1907 1066 2131 1113 creavit
2159 1063 2441 1118 mundum,

318 1134 422 1193 quis
440 1139 707 1178 momentum
729 1133 818 1178 sihi
838 1132 954 1177 illud
977 1131 1168 1177 indicari
1186 1138 1340 1193 putet,
1370 1149 1459 1194 quo
1485 1148 1559 1179 res
1580 1134 1644 1178 sit
1662 1139 1790 1192 gesta
1804 1130 1827 1177 ἓ
1883 1133 2235 1179 Pronunciatum
2258 1132 2438 1177 scilicet

317 1207 418 1246 erat
443 1201 698 1257 indefinite,
734 1203 902 1246 factum
931 1202 1013 1246 boc
1042 1216 1143 1245 esse
1172 1206 1374 1260 tempore
1405 1204 1668 1261 praeterito.
1736 1202 1828 1248 Sed
1848 1217 1935 1246 non
1954 1204 2122 1261 ubique
2140 1203 2222 1245 hoc
2242 1198 2435 1259 permin-

318 1284 445 1325 sum;
490 1276 732 1314 occurrunt
758 1286 845 1314 non
875 1284 1004 1324 raro,
1048 1284 1162 1328 quae
1191 1268 1370 1326 quando
1401 1271 1523 1312 facta
1550 1271 1665 1321 sint,
1710 1269 1940 1312 definitius
1969 1270 2133 1313 debeas
2166 1268 2433 1324 significare.

315 1339 468 1398 Atqui
496 1339 568 1384 vix
593 1339 677 1383 hoc
699 1340 797 1383 fieri
822 1339 1013 1397 poterit,
1049 1338 1141 1382 nisi
1159 1336 1293 1381 aliam
1312 1334 1535 1394 quandam
1562 1351 1657 1381 rem
1677 1336 2012 1397 circumspicias
2033 1337 2189 1382 eodem
2210 1337 2432 1380 momento

312 1406 477 1449 factam
500 1421 686 1464 eamque
705 1408 819 1449 satis
840 1410 1018 1457 notam,
1043 1404 1210 1463 quippe
1229 1403 1350 1462 quod
1374 1404 1457 1447 bac
1477 1404 1576 1448 sola
1595 1404 1770 1448 ratione
1797 1405 1912 1449 illud
1936 1410 2203 1451 momentum
2218 1434 2233 1458 ,
2263 1402 2320 1447 de
2342 1415 2432 1460 quo

312 1472 515 1530 loquaris
542 1477 588 1515 et
615 1487 704 1531 quo
736 1477 863 1529 gesta
893 1472 956 1517 sit
979 1486 1053 1516 res
1070 1472 1153 1515 illa
1176 1472 1345 1526 altera,
1374 1476 1581 1516 accurate
1609 1471 1809 1518 indicare
1828 1474 1995 1532 possis.
2053 1473 2185 1533 Opus
2203 1476 2274 1517 est
2292 1471 2433 1529 igitur

313 1540 418 1584 aliis
439 1544 672 1597 praeterea
700 1544 952 1597 temporum
982 1540 1164 1594 formis,
1211 1554 1327 1597 quae
1360 1540 1580 1600 quidquid
1601 1547 1796 1600 ponant,
1835 1547 2046 1600 respectu
2066 1542 2124 1586 ad
2141 1543 2230 1586 alia
2246 1542 2427 1598 ponant,

310 1612 360 1652 et
375 1605 621 1652 indefinitis
642 1608 894 1652 accuratius
916 1606 1178 1651 definiendis
1199 1608 1460 1651 inserviant.
1516 1609 1673 1662 Atque
1698 1608 1804 1648 haec
1822 1608 1999 1662 quidem
2020 1612 2128 1650 sunt
2158 1605 2371 1650 relativ
2384 1619 2426 1650 a.

309 1675 575 1732 Exemplum
603 1675 739 1718 habes
769 1675 816 1717 in
846 1675 945 1718 hoc.
1007 1672 1251 1718 Graecia
1279 1672 1519 1728 floruit,
1546 1687 1664 1718 cum
1692 1672 1882 1717 libera
1913 1679 2087 1721 esset.
2141 1672 2238 1719 Ubi
2260 1674 2428 1733 imper·

309 1742 455 1795 fecto,
482 1740 603 1799 quod
622 1740 859 1783 relativum
876 1745 975 1790 est,
1001 1740 1214 1785 definitur
1235 1742 1486 1788 aoristus.“
1543 1740 1598 1784 In
1614 1740 1688 1784 his
1708 1745 1855 1784 autem
1884 1741 2038 1785 verbis
2056 1741 2123 1795 si,
2158 1747 2271 1799 quot
2288 1743 2428 1787 insint

308 1808 570 1861 enunciata,
601 1811 671 1850 tot
687 1806 836 1850 inesse
853 1805 948 1849 fere
966 1805 1229 1865 contendam
1248 1813 1415 1862 errata,
1444 1820 1532 1851 non
1550 1806 1790 1851 verendum
1811 1808 1918 1851 mihi
1935 1808 2128 1863 videtur,
2155 1823 2209 1853 ne
2228 1808 2427 1868 iniquius

308 1877 518 1935 cuiquam
546 1873 770 1917 iudicasse
797 1873 1043 1916 existimer.
1110 1872 1314 1918 Primum
1342 1876 1458 1919 enim
1477 1874 1598 1935 quod
1620 1874 1865 1919 Dissenius
1888 1882 2059 1920 certum
2077 1881 2124 1919 et
2142 1878 2429 1938 perspicuum

309 1945 456 1989 voluit
481 1942 641 1986 aoristi
657 1943 904 1996 exemplum
928 1954 1049 1992 esse,
1086 1938 1135 1982 id
1154 1940 1247 1983 sive
1274 1942 1425 1997 ipsum
1446 1948 1627 1997 spectas
1651 1944 1746 1987 sive
1769 1945 1904 1988 verba
1922 1946 2174 2005 explicandi
2193 1962 2330 1991 causa
2347 1945 2427 1989 ad-

285 2015 426 2071 iecta
453 2010 607 2056 eodem
634 2008 733 2053 iure
760 2011 889 2065 potes
919 2021 1003 2066 pro
1029 2006 1227 2065 perfecto
1255 2007 1288 2053 i.
1314 2022 1355 2053 e.
1374 2019 1458 2065 pro
1485 2010 1676 2052 relativo
1696 2015 1895 2066 tempore
1915 2014 2135 2070 accipere.
2194 2013 2288 2069 Qui
2306 2014 2423 2056 enim

308 2082 421 2127 dicit
458 2078 562 2129 θεὸς
600 2080 796 2130 πεποίηκε
828 2073 900 2121 τόν
937 2075 1095 2132 κόσμον
1128 2087 1228 2118 eum
1262 2087 1351 2117 non
1388 2074 1533 2130 magis
1571 2089 1705 2132 quam
1742 2077 1821 2133 qui
1858 2076 1970 2121 dicit
2009 2076 2112 2128 θεός
2150 2079 2316 2130 ἐποίησε
2343 2077 2416 2123 τόν

307 2149 463 2206 κόσμον
492 2145 691 2190 indicare
717 2149 1012 2198 momentum,
1053 2158 1141 2202 quo
1170 2142 1360 2187 mundus
1382 2157 1409 2186 a
1428 2141 1511 2188 deo
1532 2148 1711 2187 creatus
1731 2144 1819 2198 sit,
1852 2144 1900 2187 id
1919 2144 2150 2198 omnibus,
2178 2146 2334 2200 credo,
2362 2160 2417 2191 ex

307 2219 391 2272 iis,
430 2229 545 2276 quae
575 2213 804 2274 disputata
840 2228 865 2256 a
887 2213 1017 2258 nobis
1045 2217 1151 2257 sunt
1168 2217 1322 2265 antea,
1355 2212 1639 2256 manifestum
1660 2213 1764 2258 erit.
1820 2212 1996 2258 Deinde
2019 2214 2214 2272 intelligi
2230 2228 2317 2259 non
2338 2228 2416 2273 po-

306 2290 422 2341 test,
460 2298 542 2329 cur
562 2288 736 2344 tempus
756 2281 823 2325 rei
839 2273 1231 2341 aoristo‘prolatae
1253 2294 1341 2323 non
1361 2280 1506 2339 possit
1525 2281 1614 2324 nisi
1636 2281 1857 2325 narranda
1884 2296 1934 2325 re
1957 2283 2046 2326 alia
2065 2284 2318 2327 accuratius
2336 2283 2412 2326 de·

308 2355 455 2406 finiri,
496 2367 631 2412 quum
659 2356 706 2393 et
732 2349 942 2392 adverbia
970 2354 1017 2393 et
1047 2364 1199 2392 omnes
1227 2363 1342 2408 quae
1373 2347 1686 2392 adverbiorum
1712 2351 1799 2392 vim
1829 2350 1993 2393 habent
2009 2352 2292 2408 loquutiones
2308 2351 2410 2393 huic

309 2422 496 2467 consilio
525 2420 758 2465 videantur
787 2417 1046 2461 satisfacere
1075 2431 1225 2476 posse.
1283 2416 1402 2460 Tum
1422 2417 1462 2459 si
1485 2419 1555 2460 vel
1576 2417 1763 2460 maxime
1784 2416 2024 2462 definiendi
2041 2421 2255 2478 temporis
2273 2432 2409 2462 causa

308 2504 493 2537 narrare
526 2491 729 2534 volumus
758 2488 887 2531 aliam
906 2500 997 2530 rem
1010 2515 1027 2538 ,
1067 2501 1250 2530 curnam
1281 2500 1447 2545 quaeso
1467 2482 1523 2529 ad
1542 2483 1858 2545 designandam
1883 2500 1980 2531 eam
1998 2487 2126 2546 plane
2145 2501 2305 2532 novum
2324 2486 2409 2532 ali-

352 2695 397 2737 *)
430 2694 581 2731 Aristot.
613 2694 739 2739 categ.
774 2700 806 2728 c.
839 2693 871 2729 5.
903 2687 946 2726 οὗ
974 2688 1063 2727 πᾶσι
1094 2688 1132 2728 δὲ
1159 2692 1234 2730 τοῖς
1268 2690 1359 2739 πρός
1390 2705 1428 2730 τι
1449 2689 1600 2740 ὖπᾶρκει
1622 2689 1848 2738 ἐναντιότης·
1879 2699 1967 2739 ergo
1989 2690 2119 2733 maiorl
2141 2696 2409 2732 tameneorum

441 2753 550 2797 parti.
