2744 3409
1144 143 1541 194 ..-..4.....

289 277 548 326 Ursinus
576 275 651 332 ¹⁸),
685 271 1036 321 Perizonius
1064 273 1168 333 ⁸¹⁸¹).
1232 275 1309 322 At
1332 275 1511 336 linguae
1537 285 1700 334 pareus
1727 276 1776 318 et
1800 272 2075 322 moderatrix
2101 279 2174 322 est
2200 274 2343 330 ratio,
2370 290 2398 319 a

291 349 466 394 ratione
492 349 641 391 autem
668 343 784 391 nihii
815 348 947 404 patet
955 374 980 400 ,Δ
1018 345 1066 389 ἰιι
1093 358 1184 402 quo
1217 343 1502 392 desideretur
1532 342 1650 388 ratio
1684 339 1873 402 produci
1907 357 2063 403 posse.
2124 345 2256 404 Quae
2279 358 2404 399 vero,

291 430 482 476 quaeso,
520 413 642 459 ratio
671 413 794 468 {oret
818 413 867 460 in
892 430 945 462 ea
977 412 1103 460 verbi
1132 412 1278 460 forma
1292 445 1309 471 ‚
1345 429 1460 476 quae
1486 412 1614 459 nullo
1638 411 1730 457 alio
1745 411 1940 458 consilio
1958 410 2048 457 uisi
2063 416 2118 457 ut
2133 413 2232 458 viee
2249 413 2406 472 funge-

291 488 420 529 retur
435 483 630 527 aliarum
651 482 902 530 formarum
924 481 1178 540 excogitata
1203 480 1359 529 esset?
1414 483 1511 528 Imo
1537 494 1644 525 vero
1660 481 1770 525 haee
1785 482 1833 526 in
1853 480 2043 540 siugulis
2060 480 2297 527 verhorum
2315 482 2409 527 for·

289 552 376 596 mla
404 549 666 597 dominatur
698 555 772 599 lex
800 558 848 598 et
878 551 1063 608 regula,
1098 557 1152 597 ut
1180 566 1265 596 sua
1295 552 1455 610 cuique
1483 564 1627 608 eaque
1652 554 1745 595 tam
1773 553 1899 596 certa
1922 554 1970 595 et
1987 549 2170 610 propria
2189 548 2253 594 sit
2267 550 2410 604 notio,

289 624 342 665 ut
357 619 541 666 etiamsi
567 621 676 666 illae
702 619 926 666 interdum
945 621 1067 665 inter
1087 634 1189 666 sese
1211 618 1448 666 videantur
1470 621 1769 664 commutatae
1786 632 1913 673 esse,
1939 619 2049 665 haec
2065 618 2242 675 integra
2261 621 2411 662 umen

292 693 343 732 et
370 689 552 735 illibata
578 703 755 748 semper
782 695 978 736 maneat,
1033 689 1101 734 Ex
1120 688 1343 737 eiusmodi
1362 689 1504 746 igitur
1521 686 1739 746 peculiari
1764 687 1927 732 aoristi
1944 687 1991 733 vi
2011 687 2292 747 promiscuus
2310 685 2410 731 eius

290 769 404 801 usus
424 757 640 817 explicari
666 771 810 816 neque
838 759 913 803 hie
932 773 1043 804 usus
1059 763 1217 803 contra
1241 772 1325 815 pro
1345 757 1388 803 vi
1405 757 1504 816 ipsa
1526 754 1626 800 eius
1645 754 1803 800 haberi
1821 754 2016 801 debebat
2033 755 2166 814 11ΜΨ).

424 826 576 883 Atqui
603 829 780 871 tantum
809 841 865 871 ex
894 827 982 883 iis,
1019 840 1134 884 quae
1167 825 1311 871 adhue
1335 825 1566 884 disputata
1594 828 1728 880 sunt,
1766 822 1950 871 videtur
1978 823 2267 884 perspicuum
2294 834 2410 875 esse,

287 904 343 936 ea
361 892 541 948 quidem
566 893 638 939 via
650 925 666 948 ,
700 908 790 952 qua
808 895 1098 954 Apollonius>
1114 894 1301 951 eiusque
1321 897 1368 939 et
1382 892 1636 938 imitatores
1653 897 1702 939 et
1717 891 2031 938 emendatores
2055 894 2217 938 aoristi
2232 892 2321 937 vim
2340 891 2410 935 iu-

286 959 513 1019 vestigare
541 961 835 1019 studuerant,
870 976 958 1009 uon
988 962 1197 1024 potuisse
1224 959 1283 1007 ad
1312 974 1437 1017 eum,
1472 975 1563 1020 quo
1591 959 1967 1015 couteudeBatur,
2006 959 2139 1004 finem
2165 957 2409 1020 perveniri.

288 1026 446 1085 Quum
464 1030 583 1073 enim
601 1030 882 1087 singulorum
901 1031 1089 1075 cancelli
1108 1034 1361 1088 temporum
1377 1030 1445 1073 ita
1464 1031 1521 1074 ab
1545 1030 1643 1075 inis
1660 1030 1829 1075 aoristo
1846 1028 1994 1089 aperti
2014 1032 2191 1083 essent,
2218 1032 2272 1070 ut
2287 1039 2409 1069 sum-

289 1109 365 1140 ma
388 1110 489 1141 cum
514 1097 700 1142 lieentia
725 1099 798 1142 hic
829 1112 912 1156 per
930 1098 1078 1141 omnia
1094 1097 1275 1156 impune
1291 1098 1446 1154 vagari
1460 1103 1643 1158 posset,
1669 1099 1785 1143 nulli
1801 1098 2003 1158 profecto
2026 1095 2173 1157 ipsius
2190 1094 2409 1155 temporis

287 1163 426 1217 flues,
455 1175 571 1221 quos
589 1163 766 1209 infinita
783 1164 911 1210 illius
930 1164 999 1209 vis
1018 1164 1244 1222 potuisset
1259 1164 1441 1221 egredi,
1478 1166 1568 1211 iam
1587 1166 1780 1225 amplius
1801 1166 1966 1226 reliqui
1987 1169 2133 1213 eraut.
2189 1163 2304 1210 Alia
2323 1162 2410 1220 igi-

288 1235 368 1276 tur
387 1230 459 1277 via
478 1230 693 1295 tentanda
712 1236 760 1278 et
784 1245 942 1279 revera
962 1231 1049 1277 iam
1071 1230 1240 1278 dudum
1260 1244 1288 1277 a
1307 1230 1482 1277 duobus
1504 1232 1649 1292 ipsius
1669 1232 1870 1281 Graecae
1884 1233 2081 1281 nationis
2105 1229 2410 1291 grammaticis

288 1297 627 1345 Theodosio
656 1299 1059 1346 Alexandrino
1088 1304 1135 1344 et
1159 1300 1394 1345 Maximo
1423 1299 1675 1346 Plauude
1705 1305 1881 1347 tentata
1905 1306 2021 1350 erat.
2085 1300 2262 1345 Horum
2287 1298 2406 1342 enim

290 1366 373 1411 ille
387 1365 435 1409 in
455 1365 612 1412 libeuo
633 1373 731 1426 περὶ
751 1372 1039 1427 γραμματικῆς
1066 1382 1094 1412 a
1128 1367 1387 1428 Goettliugo
1408 1368 1531 1414 edito
1550 1383 1596 1429 p·
1614 1371 1716 1417 1⁴⁵.
1733 1374 1972 1430 postquam
1987 1373 2190 1428 tempore
2209 1367 2409 1427 perfeeto

333 1544 378 1588 *J
399 1545 725 1591 Institt.1ing.
748 1548 852 1584 Lat.
875 1549 1046 1594 (Ratisp.
1066 1552 1190 1594 1701)
1210 1560 1247 1595 p.
1270 1550 1354 1586 ⁵40.
1400 1550 1652 1585 Grammst.
1679 1551 1758 1585 Gr.
1778 1548 1957 1590 (Norimb.
1975 1550 2066 1585 1691
2087 1552 2125 1583 et
2144 1547 2254 1589 1714)
2278 1550 2405 1591 p.167.

422 1598 621 1647 Ἀόριηον
636 1606 781 1645 tempus
797 1607 934 1637 uanum
953 1609 1094 1646 tempus
1112 1609 1253 1640 eertum
1268 1607 1504 1641 determinate
1523 1608 1695 1641 connotat
1713 1607 1778 1639 sed
1805 1605 1992 1640 indefinite
2018 1605 2167 1639 includit
2185 1608 2222 1639 et
2241 1614 2405 1646 compre·

423 1658 544 1692 uendit
561 1660 647 1692 actu
661 1658 782 1694 omnia
795 1667 878 1696 oum
896 1660 1108 1695 illiminatae
1125 1661 1313 1695 cuiusdam
1335 1661 1584 1695 continuitatis
1604 1662 1887 1704 significatione.
1933 1662 2022 1696 lude
2039 1664 2178 1697 factum
2195 1668 2276 1706 est,
2301 1664 2342 1695 ut
2357 1662 2403 1696 ad

422 1713 578 1757 quaevis
596 1719 760 1756 tempora
783 1714 1020 1757 significanda
1044 1716 1093 1751 sit
1110 1716 1306 1751 adhibitum
1322 1718 1361 1749 et
1384 1722 1410 1750 a
1424 1716 1569 1750 Latinis
1592 1717 1749 1750 omnium
1775 1719 1978 1760 temporum
1996 1718 2123 1750 verbis
2147 1717 2325 1751 redditum
2342 1718 2406 1750 vei

424 1779 491 1812 per
514 1769 701 1815 solere,
731 1777 1000 1805 consuesse
1022 1775 1061 1806 et
1084 1774 1131 1806 ab
1158 1772 1250 1813 ipsis
1277 1780 1415 1814 quoque
1440 1772 1594 1807 Graecis
1615 1782 1711 1808 nunc
1737 1771 1924 1815 praesenti
1948 1781 2045 1808 nuno
2064 1772 2189 1809 tuturo
2206 1772 2401 1808 variatum.

425 1826 657 1869 subsequens
674 1827 797 1861 tamen
810 1826 953 1861 dicendi
971 1828 1193 1862 consuetudo
1208 1828 1326 1861 verba
1353 1827 1461 1860 buius
1483 1828 1655 1869 temporis
1671 1828 1711 1861 in
1734 1828 1934 1862 indicativo
1950 1830 1989 1861 et
2014 1828 2206 1871 participio
2223 1830 2271 1862 ad
2287 1833 2404 1870 'prae-

424 1881 525 1915 teriti
544 1881 915 1925 consignificationem
940 1883 1090 1926 saepius
1116 1883 1316 1918 restrinxit.
1363 1883 1407 1917 ln
1423 1883 1581 1916 caeteris
1605 1883 1722 1917 modis
1750 1881 1934 1917 indefinite
1962 1883 2084 1916 cuivis
2111 1883 2262 1926 tempori
2289 1884 2402 1927 signi-

424 1937 567 1974 ficando
593 1938 813 1973 inserviunt.
869 1939 997 1974 uultis
1023 1942 1145 1974 tamen
1174 1940 1212 1974 in
1242 1939 1335 1975 locis
1355 1940 1456 1981 apud
1483 1937 1705 1973 vetustiores
1729 1938 1946 1979 praesertim
1971 1938 2135 1974 nativam
2161 1944 2199 1974 et
2223 1940 2404 1983 propriam

425 1995 503 2029 vim
520 2003 623 2030 suam
640 1995 751 2030 etiam
769 1995 808 2029 in
825 1995 1026 2030 indicativo
1043 1998 1109 2030 sed
1126 1996 1234 2030 verbi
1257 1995 1344 2029 fere·
1353 1994 1469 2029 activi
1494 1997 1559 2028 aut
1580 1993 1792 2036 deponentis
1809 1995 1977 2027 retinent.

330 2058 400 2102 *ἢ
427 2061 471 2097 ln
489 2065 627 2096 annott.
645 2063 692 2096 ad
714 2061 911 2097 Aeliani
934 2070 1016 2096 var.
1033 2062 1117 2096 hist.
1139 2064 1195 2102 (a.
1213 2061 1330 2101 1701)
1350 2060 1414 2097 lib.
1433 2061 1462 2093 1.
1480 2066 1561 2099 cap.
1578 2057 1614 2092 4.
1659 2057 1794 2092 Forma
1809 2059 1899 2091 haec
1918 2057 2054 2094 idcirco
2070 2057 2202 2095 dicitur
2220 2056 2400 2106 uideuatur,

420 2117 509 2159 quia
524 2118 663 2151 nullum
687 2119 827 2151 certum
841 2119 908 2150 vei
931 2118 1063 2159 ubique
1087 2118 1183 2150 idem
1202 2119 1344 2157 tempus
1362 2115 1428 2149 sed
1453 2114 1557 2149 modo
1582 2113 1815 2157 praeteritum
1840 2114 1943 2149 modo
1963 2123 2140 2158 praesens
2158 2117 2220 2151 vel
2243 2117 2280 2152 id
2305 2122 2399 2162 quod

421 2172 504 2207 fleri
523 2173 619 2208 solet
638 2173 786 2207 denotat
807 2174 915 2216 atque
934 2172 1071 2207 idcirco
1088 2172 1198 2206 etiam
1214 2171 1354 2215 passim
1373 2171 1412 2207 in
1429 2170 1701 2208 narrationibus
1717 2179 1840 2208 rerum
1860 2170 2063 2213 promiscue
2079 2172 2210 2209 videas
2236 2182 2261 2210 a
2277 2175 2396 2212 Grae·

421 2229 477 2263 cis
494 2228 690 2263 adhibitam
711 2228 917 2270 praesentis
935 2231 974 2263 et
996 2230 1127 2264 aoristi
1146 2230 1313 2263 formam.

328 2294 423 2338 Ν)
444 2296 476 2331 11
487 2303 642 2331 erman
654 2303 738 2330 nus
764 2296 809 2330 de
826 2296 966 2329 emend.
984 2298 1056 2331 rat.
1074 2296 1140 2331 Gr.
1156 2303 1212 2340 gr.
1231 2304 1266 2339 p.
1284 2295 1367 2331 189.
1385 2294 1457 2330 etsi
1476 2298 1577 2331 recte
1595 2302 1718 2330 eorum
1734 2302 1902 2341 errorem,
1930 2294 1991 2340 qui
2010 2295 2186 2332 aoristum
2204 2298 2250 2332 de
2266 2300 2397 2343 quovis

421 2355 580 2395 tempore
606 2351 768 2388 adhiberi
793 2353 1033 2398 contendunt,
1066 2351 1274 2395 redarguit,
1304 2352 1395 2386 illud
1419 2358 1540 2387 tamen
1567 2352 1684 2387 minus
1708 2355 1806 2388 recte
1831 2353 1958 2387 contra
1982 2361 2048 2388 eos
2073 2361 2222 2389 monere
2249 2356 2395 2392 videtur

421 2409 499 2456 „in
525 2411 669 2444 Graeco
693 2409 835 2453 quidem
861 2411 977 2445 verbo
992 2411 1050 2449 ,ad
1076 2409 1374 2453 significationen
1399 2409 1576 2454 cuiusque
1599 2410 1766 2453 temporis
1792 2408 1971 2452 propriam
2000 2410 2235 2445 indicativum
2257 2414 2395 2447 tantum

418 2467 584 2503 adhiberi
600 2474 733 2507 posse,
763 2475 869 2508 quum
887 2466 1107 2509 reliquorum
1124 2467 1308 2501 modorum
1324 2467 1514 2500 admodum
1532 2466 1639 2502 varia
1656 2469 1692 2501 et
1706 2466 1893 2508 multiplex
1909 2465 1957 2499 sit
1978 2466 2209 2509 significatio.
2220 2464 2248 2489 ‘⁶
2300 2470 2392 2504 Pro·-

370 2553 373 2555 μ
423 2524 504 2565 pria
520 2523 617 2556 enim
637 2523 810 2563 cuiusque
834 2524 1006 2564 temporis
1024 2524 1085 2557 vis
1111 2532 1183 2558 non
1209 2525 1339 2564 pendet
1361 2532 1408 2556 ex
1432 2523 1604 2564 primaria
1627 2524 1790 2558 universi
1817 2523 1987 2565 temporis
2010 2523 2189 2557 divisione
2216 2523 2254 2558 iu
2280 2534 2390 2566 prae·-

421 2587 528 2623 sem,
557 2579 794 2622 praeteritum
821 2581 857 2613 et
881 2580 1040 2614 naturum
1066 2580 1132 2614 sed
1157 2588 1203 2614 ex
1232 2580 1395 2625 ratione,
1435 2585 1528 2623 quae
1554 2578 1649 2613 iuter
1674 2579 1819 2624 singula
1846 2580 1937 2613 haee
1959 2585 2122 2623 tempora
2146 2582 2185 2615 et
2209 2582 2389 2618 actionem

420 2636 534 2671 verbo
556 2644 771 2680 expressam
798 2636 1001 2671 intercedit.
1054 2637 1158 2673 Hanc
1180 2643 1301 2673 autem
1325 2635 1365 2671 lu
1391 2635 1489 2682 illis,
1525 2644 1616 2681 quae
1642 2638 1759 2673 adhuo
1783 2636 2045 2681 tractavimus,
2076 2639 2293 2681 temporibus
2319 2647 2391 2675 non

419 2693 537 2727 minus
555 2696 655 2728 cerni
681 2695 720 2730 in
737 2695 889 2739 reliquis
918 2694 1030 2729 modis
1050 2702 1155 2738 quam
1179 2696 1218 2731 in
1238 2695 1437 2730 indicativo
1459 2695 1538 2738 quis
1567 2701 1625 2727 est
1652 2694 1739 2739 quin
1765 2691 1973 2738 intelligat?
2026 2696 2071 2729 ln
2093 2696 2232 2730 aoristo
2256 2700 2390 2742 autem,

418 2749 453 2784 si
470 2757 564 2784 vera
586 2751 664 2786 eius
685 2751 906 2795 significatio
931 2756 1125 2798 perspecta
1142 2760 1224 2800 est,
1254 2761 1333 2791 rem
1352 2762 1395 2789 se
1412 2753 1543 2789 babere
1558 2753 1685 2790 eodem
1706 2753 1812 2790 modo
1828 2761 1875 2788 ex
1898 2751 1945 2788 iis
1962 2753 2173 2799 apparebit,
2196 2764 2288 2800 quae
2310 2755 2389 2791 dis:

416 2807 635 2849 putabuntur
651 2813 786 2851 postea.
