2744 3409
1163 58 1556 107 —3—

315 190 459 248 Sacy
489 189 557 246 *).
613 186 716 234 Niti
748 202 844 233 eam
873 192 1000 247 patet
1031 186 1289 233 definitione
1306 188 1494 248 perlecti
1513 193 1562 235 et
1578 187 2006 250 plusquamperfecti
2033 187 2260 236 veteribus
2280 187 2420 246 magi·

313 258 426 303 stris
459 256 664 315 probata.
730 256 881 302 Huius
908 261 1073 302 autem
1114 256 1363 314 auctoritas
1400 271 1536 317 quum
1552 270 1591 318 *a
1625 248 1857 315 scaligero
1870 287 1889 310 ,
1923 263 1977 304 ut
2005 256 2423 311 demonstravimus,

314 327 378 370 ita
397 323 665 370 labefactata
687 331 837 375 esset,
864 328 918 368 ut
933 325 1006 367 vix
1027 323 1262 382 quisquam
1283 329 1390 383 post
1406 339 1506 368 eum
1523 326 1747 371 notionem
1775 326 1907 370 modo
1925 332 1972 370 et
1989 327 2157 373 dudum
2182 324 2423 387 praeteriti

314 392 530 452 temporis
556 393 780 445 tribueret
804 390 1036 450 propriam
1053 390 1186 445 illis,
1227 392 1329 437 fieri
1356 405 1444 437 non
1472 391 1647 453 potuit,
1680 393 1790 454 quin
1810 394 1946 439 aliter
1963 408 2017 439 ex
2035 409 2088 441 eo
2108 395 2270 442 coristi
2283 386 2422 439 etiam

313 462 402 507 vim
421 460 608 505 definire
621 465 904 515 conarentur
915 461 1212 516 grammatici.
1269 460 1334 505 Et
1352 461 1546 519 primum
1567 460 1746 520 quidem
1770 461 1820 507 id
1846 464 2016 508 factum
2045 463 2223 508 videtur
2245 463 2293 507 in
2318 460 2425 508 cle-

315 528 446 574 nardi
473 526 837 574 institutionibus
864 530 1179 586 grammaticae
1211 528 1438 585 Graecae,
1476 529 1556 575 ubi
1585 531 1838 586 annotatio,
1883 532 1975 578 nisi
2002 531 2153 592 opinio
2181 544 2250 575 me
2286 528 2426 582 fallit,

310 595 573 643 chrici¹
605 594 882 655 Stephani
929 596 1080 642 exstat
1136 597 1323 644 haecce:
1388 597 1583 659 „Vulgo
1631 600 1848 646 aoristum
1890 599 1955 645 ita
2014 598 2237 662 appellari
2280 598 2427 651 aiunt,

309 665 417 725 quia
448 678 534 708 nou
562 664 758 723 liqueat,
785 666 996 726 paullone
1026 680 1081 710 an
1112 668 1253 714 multo
1282 671 1387 712 ante
1421 668 1724 728 praeterierit.
1793 667 1886 713 Sed
1917 669 1989 713 hic
2024 682 2137 714 usus
2168 664 2331 712 aoristi
2358 663 2429 710 vix

311 746 505 791 unquam
536 747 561 775 a
600 733 896 793 scriptoribus
937 735 1218 783 observatur.
1284 735 1455 795 Verius
1481 738 1623 797 igitur
1652 738 1718 783 sic
1739 736 1930 791 dicitur,
1967 737 2072 796 qnia
2093 749 2210 780 nunc
2229 748 2314 794 pro
2329 745 2433 793 per-

310 801 431 846 fecto
470 810 585 845 nunc
625 817 708 859 pro
751 802 1214 862 plusquamperfecto,
1253 805 1519 864 quandoque
1564 808 1698 851 etiam
1746 820 1830 865 pro
1872 805 2135 864 imperfecto
2182 804 2433 863 ponatur-‘⁴

317 868 439 928 Ergo
465 883 610 928 quum.
627 875 756 914 antea
794 874 1076 927 grammatici
1112 873 1386 918 indefinitam
1428 875 1588 919 aoristi
1618 875 1709 919 vim
1740 874 1787 916 in
1824 887 1877 916 eo
1914 873 2197 929 posuissent,
2243 875 2296 914 ut
2331 867 2432 913 ubi-

311 951 398 995 que
434 951 487 982 eo
528 938 700 982 incerta
739 938 890 994 aliqua
933 939 1151 996 temporis
1190 941 1428 997 praeteriti
1467 954 1576 998 pars
1623 939 1955 995 significaretur
1966 966 1984 989 ,
2028 938 2132 991 ille,
2181 936 2434 993 quicunque

312 1008 407 1057 est,
456 1003 502 1049 in
542 1003 731 1063 singulis
774 1003 952 1054 dicebat
987 1005 1100 1051 locis
1135 1011 1309 1050 eertum
1341 1020 1395 1051 eo
1427 1009 1475 1050 et
1509 1005 1743 1051 definitum
1778 1004 1959 1064 aliquod
1998 1010 2177 1063 tempus
2214 1001 2437 1061 praeteri-

313 1077 408 1116 tum
440 1077 489 1115 at
517 1072 640 1116 aliud
671 1072 918 1128 significari
946 1073 993 1116 in
1030 1074 1148 1120 aliis.
1217 1073 1346 1131 Quae
1383 1073 1561 1131 quidem
1600 1073 1841 1117 definiendi
1881 1073 2000 1116 ratio
2046 1077 2137 1114 tam
2185 1068 2437 1129 probabilis

314 1138 551 1183 videbatur
596 1139 680 1193 iis,
738 1140 818 1198 qui
867 1141 1189 1198 sequebantur,
1233 1140 1561 1197 grammaticis,
1602 1146 1694 1190 ·ut,
1754 1155 1891 1197 quum
1940 1137 2232 1183 indicativum
2275 1135 2437 1179 aoristi

316 1205 736 1252 animadvertissent
775 1207 998 1252 interdum
1039 1208 1094 1252 de
1129 1209 1188 1252 iis
1229 1207 1366 1257 rebus
1420 1206 1535 1259 dici,
1585 1219 1701 1263 quae
1746 1207 1949 1249 valerent
1993 1204 2041 1248 in
2093 1216 2267 1247 omnem
2315 1205 2436 1245 aeta-

316 1281 438 1329 tem,
488 1275 690 1333 reliquas
737 1280 884 1318 autem
929 1278 1025 1320 eius
1056 1277 1225 1320 formas
1274 1288 1410 1333 saepe
1456 1277 1504 1318 et
1554 1272 1610 1319 de
1663 1273 1977 1333 praesentibus
2015 1271 2160 1318 videri
2198 1275 2246 1315 et
2284 1268 2340 1314 de
2367 1268 2440 1313 fu-

318 1344 438 1389 turis
492 1342 730 1403 usurpari,
787 1357 876 1387 uon
927 1342 1191 1387 dubitarent
1239 1341 1530 1398 contendere,
1586 1343 1843 1402 promiscue
1892 1357 2000 1402 eum⁴
2042 1356 2130 1386 uon
2178 1338 2234 1395 de
2282 1336 2440 1396 quovis

318 1411 569 1470 praeterito
606 1414 781 1452 tantum
819 1407 901 1452 sed
940 1409 996 1451 de
1032 1412 1153 1454 omni
1192 1416 1392 1469 tempore
1432 1410 1523 1455 dici
1559 1424 1747 1468 eamque
1777 1412 1922 1472 ipsam
1960 1410 2019 1456 ob
2058 1421 2239 1455 causam
2277 1405 2441 1451 rectis-

320 1479 433 1525 sime
465 1476 664 1536 ἀόριστον
696 1489 778 1521 seu
805 1474 1084 1520 indefinitum
1116 1483 1295 1537 tempus
1323 1479 1598 1537 appellatum
1634 1493 1759 1527 esse·
1815 1478 2000 1525 Primus
2026 1479 2111 1522 boe
2139 1476 2346 1520 docuisse
2375 1473 2439 1516 vi-

322 1547 458 1591 detur
500 1544 888 1605 Sylburgius,
923 1544 1002 1600 qui
1035 1543 1251 1601 Stephani
1281 1551 1565 1600 praeceptum
1593 1542 1725 1585 modo
1761 1545 2178 1593 commemoratum,
2217 1539 2436 1582 aoristum

323 1627 440 1656 nunc
489 1626 572 1668 pro
608 1613 807 1667 perfecto
851 1624 967 1651 nunc
1011 1624 1093 1666 pro
1138 1608 1574 1667 plusquamperfecto
1619 1608 1846 1651 interdum
1893 1622 1977 1666 pro
2014 1608 2276 1665 imperfecto
2312 1607 2438 1665 poni,

253 1718 259 1721 .
323 1677 480 1724 eodem
508 1678 610 1721 loco
638 1677 703 1720 ita
731 1675 939 1730 corrigit:
983 1676 1113 1727 „imo
1142 1689 1230 1718 nou
1254 1675 1493 1732 praeteriti
1521 1678 1696 1717 tantum
1729 1674 1810 1718 sed
1837 1675 1995 1718 crebro
2027 1674 2161 1717 etiam
2189 1675 2438 1732 praesentis

326 1741 692 1801 significationem
714 1738 867 1793 habet,
897 1739 1162 1797 praesertim
1183 1741 1230 1783 in
1250 1740 1493 1794 infinitivo,
1531 1740 1755 1784 interdum
1784 1747 1832 1785 et
1859 1741 2028 1791 futuri,
2063 1742 2251 1785 maxime
2279 1742 2325 1785 in
2355 1742 2439 1785 im-

327 1810 527 1873 perativo
555 1813 602 1855 et
630 1807 970 1855 subiunctivo.“
1027 1805 1198 1854 Eodem
1229 1807 1361 1855 modo
1389 1813 1496 1872 post
1523 1823 1622 1856 cum
1651 1809 1961 1871 iudicaverunt
1990 1809 2309 1856 Gretserus
2338 1809 2437 1865 ss),

463 2007 532 2039 hoc
555 2005 636 2038 loco
663 1998 742 2042 ἷζον
774 1996 807 2034 δ’
840 1994 895 2034 εἶν
922 1997 1038 2046 ἀγορᾷ
1062 1998 1278 2046 utiquam,
1302 2009 1410 2046 quum
1428 2001 1649 2047 significaret
1680 2004 1806 2047 poeta,
1838 2010 1934 2038 novo
1963 2001 2058 2037 malo
2085 2000 2157 2037 iam
2188 2001 2435 2037 labefactatos

427 2075 439 2079 -
461 2059 661 2103 principum
693 2057 847 2093 animos.

372 2126 417 2170 ²⁸<)
436 2124 593 2162 mamm.
611 2122 773 2159 univers.
800 2131 825 2158 a
843 2123 982 2158 Vatero
999 2129 1180 2158 conversa
1199 2122 1237 2159 in
1254 2122 1410 2167 patrium
1429 2132 1630 2161 sermonem
1657 2135 1693 2169 p.
1713 2123 1796 2161 150.
1823 2127 1862 2159 ct
1889 2133 1924 2166 p.
1943 2124 2026 2161 171.

377 2190 446 2237 **)
470 2190 654 2228 Institt.
679 2188 794 2233 ling.
820 2190 895 2225 Gr.
927 2189 1102 2234 „Aoi-isti
1126 2191 1345 2234 respondent
1361 2190 1570 2233 praeteritis
1587 2190 1807 2226 Latinorum.
1853 2190 1959 2226 Licet
1975 2187 2071 2224 enlm
2094 2186 2253 2223 nonnulli
2280 2188 2431 2233 tradant,

465 2248 646 2284 incertam
670 2252 753 2280 esse
777 2245 1097 2288 significationem,
1129 2248 1296 2288 paulloue
1322 2249 1408 2281 ante
1433 2254 1496 2282 res
1521 2248 1752 2290 praeterierit
1774 2255 1822 2282 an
1848 2249 1981 2290 multo,
2012 2245 2048 2280 id
2075 2251 2193 2279 tamen
2214 2244 2279 2278 vix
2305 2246 2432 2279 obser-

460 2307 573 2339 vatur
599 2303 645 2337 ab
671 2301 901 2346 auctoribus,
937 2305 978 2335 ut
998 2304 1172 2344 exemplis
1200 2302 1337 2346 passim
1350 2303 1472 2337 obviis
1490 2305 1631 2339 ostendi
1655 2305 1788 2347 potest.
1835 2301 2064 2338 Probabilius
2088 2303 2146 2334 est
2169 2301 2263 2344 qnod
2286 2300 2350 2334 alii
2375 2300 2432 2335 di-

463 2364 575 2404 cunt,
609 2361 698 2393 haec
724 2361 885 2400 tempora
912 2358 1040 2392 vocari
1075 2357 1245 2405 aon-ista,
1269 2367 1335 2394 seu
1369 2359 1571 2405 indefinita,
1611 2362 1707 2403 quod
1747 2361 1904 2394 habeant
1932 2356 2226 2401 significationem
2254 2356 2434 2390 interdum

465 2416 611 2460 quidem
637 2414 890 2459 praeteritam,
922 2412 1116 2456 aliquando
1142 2417 1326 2460 futuram,
1367 2424 1616 2460 nonnunquam
1643 2418 1891 2458 praesentem
1922 2413 2154 2457 praeteritam
2178 2414 2219 2445 ut
2241 2411 2279 2445 in
2307 2419 2435 2446 exem-

468 2470 541 2513 plis
567 2471 713 2514 allatis,
754 2471 982 2512 praesentem
1005 2472 1200 2514 praecipue
1226 2472 1265 2506 ln
1286 2471 1487 2514 infinitivo,
1519 2473 1560 2505 ut
1582 2494 1593 2505 .
1619 2493 1631 2504 .
1654 2493 1665 2505 .
1729 2473 1891 2507 Eandem
1925 2471 2098 2504 rationem
2124 2467 2233 2501 habet
2254 2465 2435 2502 Interdum

466 2526 628 2563 coriatus
648 2526 685 2562 in
702 2526 911 2562 indicativo.
955 2526 1070 2562 lsocr.
1090 2530 1138 2563 ad
1156 2530 1303 2564 Demon.
1329 2524 1458 2564 κᾶλλος
1484 2525 1553 2567 μὲν
1579 2525 1649 2572 γάρ
1675 2525 1701 2573 ἢ
1723 2527 1849 2575 χρόνος
1874 2525 2055 2562 ἀνάλωσεν
2080 2520 2106 2567 ἢ
2131 2520 2236 2559 νόσος
2261 2520 2435 2568 ἐμάρανε.

468 2583 516 2619 Iu
544 2581 760 2626 imperativo
780 2585 816 2617 et
835 2581 1062 2618 subiunctivo
1078 2584 1314 2630 saepcffsubit
1340 2584 1499 2619 aoristus
1524 2582 1644 2618 vicem
1665 2584 1800 2630 futuri,
1834 2579 1950 2626 π’ψον
1971 2580 2167 2616 verberato
2193 2580 2234 2615 tu
2259 2579 2323 2614 vel
2344 2587 2433 2615 vcr-

468 2640 615 2675 berahis
641 2636 708 2674 ἐὰν
724 2636 827 2685 τῶψω
848 2639 880 2673 si
900 2640 1168 2684 verbex-avere,
1192 2641 1359 2684 quamvis
1383 2642 1591 2685 frequenter
1618 2640 1779 2678 eiusdem
1805 2647 1953 2683 prorsus
1979 2635 2254 2681 significationis
2280 2634 2330 2671 eit
2352 2643 2433 2671 cum

469 2693 666 2738 praesenti.
2175 2694 2179 2696 ’

1807 2772 1884 2817 1*
