2744 3409
1167 133 1594 183 --12.-—-

323 271 430 317 ticis
462 271 725 331 plerumque
755 265 1017 327 praeteritis
1049 265 1330 329 temporibus
1361 261 1644 311 annumerari
1671 262 1843 318 solent,
1869 269 1922 308 nt
1949 262 2082 318 ἦλθον
2101 266 2264 311 ἔπεσον.
2318 262 2442 308 Raro

326 340 491 386 aoristi
520 339 924 383 commemorantur
950 337 1123 390 futuri,
1169 335 1321 381 rarius
1348 335 1484 380 etiam
1514 330 1768 393 praesentis
1803 333 2036 391 temporis.
2099 333 2251 391 Atqui
2279 331 2447 378 rationi

327 408 506 453 videtur
534 408 880 448 consentaneum
911 419 1039 455 esse,
1075 409 1154 458 ut,
1200 417 1465 462 quacunque
1492 400 1707 460 temporis
1729 399 1872 444 forma
1890 397 2157 458 simpliciter
2174 405 2221 443 et
2240 400 2336 445 sine
2355 400 2450 444 ulla

327 471 583 517 definitione
614 475 696 515 aut
719 487 935 530 praesens
963 475 1114 531 aliqua
1133 487 1209 518 res
1232 478 1311 517 aut
1332 471 1578 532 praeterita
1598 473 1678 515 aut
1694 469 1851 515 futura
1869 467 2157 527 designatur,
2184 480 2238 511 ea
2262 470 2455 528 appelle·

322 545 401 585 tur
426 540 587 585 aoristi
608 540 802 588 nomine.
858 541 930 585 Ita
948 541 1084 587 Milto
1111 543 1157 587 in
1180 542 1390 603 paradiso
1409 541 1575 586 amisso

442 609 681 655 Millionen
712 604 926 668 geistiger
957 611 1212 673 Geschiipfe
1240 612 1460 669 hesuchen
1489 607 1656 669 (walk)
1683 606 1756 652 die
1784 605 1938 659 Erde,

441 677 574 724 Ohne
603 678 714 724 dass
744 681 831 726 wir
861 681 929 725 sie
959 684 1122 735 sehon,
1155 682 1329 725 sowohl
1358 694 1487 723 wenn
1513 678 1600 721 wir
1626 677 1809 720 wachen
1841 677 1911 719 als
1941 674 2158 721 schlai'en·

328 744 485 792 Verbo
511 747 636 794 walk
661 763 748 793 non
777 747 1032 804 indicatur,
1075 765 1152 794 eos
1183 750 1265 793 illo
1293 752 1466 790 tantum
1496 749 1748 795 momento,
1786 759 1876 802 quo
1908 742 2119 787 Adamus
2145 744 2359 800 loquutus
2377 739 2456 794 sit,

324 813 411 859 sed
429 814 638 873 αόρίστως
656 814 887 861 indefinite
908 834 1174 876 quocunque
1196 818 1264 862 vis
1290 815 1503 874 temporis
1522 817 1759 860 momento.
1798 811 1935 870 Quod
1954 811 2074 856 idem
2094 812 2215 856 valet
2238 809 2292 854 de
2315 809 2458 854 omni-

325 881 415 926 bus
436 884 677 928 sententiis
705 886 1039 938 communibus,
1080 891 1134 930 ut
1152 884 1235 930 Ad
1262 881 1574 942 poenitendum
1592 883 1803 940 properat
1817 880 1907 922 cito
1927 880 2005 935 qui
2021 878 2212 923 iudicat.
2269 878 2455 922 Avarus

323 949 417 992 nisi
442 964 579 1008 quum
611 951 805 996 moritur
834 952 901 996 nil
925 958 1048 999 recte
1075 951 1202 999 facit.
1273 949 1437 995 Omnia
1458 949 1566 995 haec
1595 954 1798 1008 tempora
1824 950 1951 1006 patet
1977 945 2172 990 aoristos
2204 946 2458 1002 praesentis

321 1018 542 1076 temporis
562 1032 681 1065 esse.
738 1018 943 1063 Possunt
967 1024 1115 1064 autem
1139 1019 1406 1077 posterioris
1434 1016 1610 1074 generis
1632 1014 1881 1061 sententiae
1905 1011 2052 1057 futuri
2070 1026 2250 1069 quoque
2272 1014 2455 1056 aoristis

323 1084 504 1140 efferri,
545 1089 597 1130 ut
628 1085 706 1133 Tu
737 1085 852 1130 nihil
883 1086 1096 1132 admittes
1123 1085 1170 1130 in
1198 1090 1245 1131 te
1270 1085 1507 1131 formidine
1530 1100 1710 1145 poenae.
1746 1082 1864 1128 Hor.
1900 1080 2061 1138 Neque
2087 1080 2221 1123 aliter
2237 1081 2285 1124 in
2305 1083 2455 1136 legum

323 1152 536 1194 formulis
569 1152 702 1194 Thou
731 1153 856 1195 shalt
882 1158 963 1196 not
980 1183 995 1198 .
1015 1182 1031 1196 .
1050 1184 1065 1197 .
1103 1167 1219 1210 quae
1239 1153 1481 1198 interdicta
1501 1160 1597 1199 'non
1627 1150 1687 1199 ad
1713 1154 1883 1198 certam
1905 1150 2103 1208 aliquam
2127 1146 2209 1194 sed
2227 1148 2458 1197 indefinite

322 1219 383 1262 ad
403 1218 652 1277 quamlibet
671 1223 843 1276 partem
866 1219 1011 1262 futuri
1031 1219 1246 1279 temporis
1266 1219 1553 1279 pertinent.“

463 1285 591 1330 Haec
622 1286 764 1342 igitur
795 1288 954 1330 aoristi
981 1302 1060 1345 per
1091 1289 1180 1330 tria
1211 1292 1409 1346 tempora
1430 1286 1615 1347 partitio
1631 1299 1769 1344 quum
1788 1286 1847 1330 ab
1869 1284 2076 1331 omnibus
2096 1285 2215 1339 fere,
2244 1285 2322 1344 qui
2341 1286 2457 1330 hunc

321 1353 475 1397 locum
507 1358 819 1397 tractaverunt
849 1360 953 1412 post
979 1354 1270 1404 Harrisium,
1306 1360 1403 1398 tum
1440 1370 1465 1398 a
1493 1356 1799 1407 Dissentio,
1838 1353 1895 1397 ad
1926 1367 2058 1411 quem
2084 1367 2200 1397 nunc
2215 1353 2460 1398 revertitur

323 1420 580 1480 disputatio
604 1426 788 1475 nostro,
822 1426 996 1466 retenta
1017 1427 1102 1468 est.
1160 1422 1308 1466 Docet
1333 1427 1480 1466 autem
1514 1424 1613 1478 hic,
1650 1423 1969 1468 notabilem
1999 1421 2157 1473 illum,
2194 1437 2325 1478 quem
2351 1422 2460 1465 Rei-

327 1489 431 1532 zius
465 1494 922 1540 commemoraverat,
963 1496 1210 1548 temporum
1240 1490 1531 1534 relativorum
1562 1503 1762 1533 nexum
1793 1486 1919 1531 cerni
1939 1487 1986 1531 in
2006 1499 2060 1530 ea
2081 1499 2158 1537 re,
2193 1492 2247 1532 ut
2269 1501 2343 1531 res
2363 1487 2459 1532 illis

326 1556 610 1611 temporibus
635 1555 863 1598 indicatae
896 1555 1002 1599 u'no
1038 1557 1343 1614 eodemque
1383 1562 1660 1601 momento
1691 1555 1793 1599 fieri
1818 1553 2084 1612 cogitandae
2113 1554 2233 1608 sint,
2270 1569 2370 1598 nam
2392 1555 2461 1599 ita

323 1620 505 1664 demum
532 1634 635 1665 vere
668 1624 715 1663 et
742 1634 818 1664 eas
848 1620 973 1677 ipsas
996 1619 1118 1663 inter
1144 1637 1246 1665 sese
1277 1625 1449 1667 relatas
1478 1638 1580 1667 esse
1601 1628 1648 1666 et
1667 1627 1894 1680 tempora,
1927 1621 2090 1679 quihus
2108 1620 2333 1666 indicetur
2351 1623 2460 1667 haec

323 1688 514 1741 relatio,
544 1688 735 1731 relativa
761 1688 985 1747 appellari
1017 1702 1149 1746 posse
1167 1687 1232 1744 ἢ.
1289 1688 1352 1732 Et
1373 1682 1609 1734 universae
1639 1688 1819 1746 quidem
1846 1688 2080 1731 relationis
2103 1689 2217 1731 hanc
2234 1690 2363 1732 unice
2380 1704 2456 1733 ve-

325 1762 448 1806 ram)
460 1754 766 1798 definitionem
792 1768 918 1808 esse,
954 1769 1006 1798 ex
1036 1756 1183 1814 ipsius
1211 1756 1447 1803 relationis
1482 1756 1663 1802 notione
1693 1752 1933 1801 ostendere
1965 1753 2056 1800 sibi
2081 1754 2163 1799 ille
2188 1754 2369 1800 videtur
2387 1758 2458 1802 ita

324 1837 481 1882 posse.
541 1822 734 1880 „Quum
759 1835 914 1875 nemo,
952 1823 1099 1879 inquit
1124 1825 1193 1881 (p.
1212 1824 1307 1879 8.),
1344 1839 1432 1867 non
1456 1824 1672 1868 concedat
1696 1822 1935 1866 relativum
1957 1834 2082 1875 esse,
2111 1822 2232 1880 quod
2250 1838 2336 1868 non
2354 1840 2460 1883 pos-

323 1892 393 1934 sit
411 1891 560 1933 locum
578 1889 742 1932 habere
764 1892 861 1933 sine
880 1891 970 1934 alio
992 1889 1184 1947 quodam
1201 1890 1338 1932 simul
1359 1890 1613 1946 cogitando,
1642 1889 1744 1945 quis
1766 1893 2015 1945 temporum
2034 1889 2298 1935 relationem
2322 1894 2459 1938 etiam

325 1956 387 2000 ad
416 1955 465 2001 id
498 1971 603 2001 vere
629 1957 861 2016 pertinere
888 1963 1093 2010 censeat,
1132 1956 1250 2013 quod
1271 1971 1358 1999 non
1386 1958 1450 1999 sit
1471 1971 1556 1999 una
1571 1985 1585 2007 ,
1622 1953 1743 2013 quod
1762 1954 1835 1998 vel
1850 1954 2093 2014 praecedat
2114 1958 2187 2001 vel
2206 1958 2457 2018 sequatur?

326 2022 466 2083 Quod
492 2024 609 2069 enim
632 2025 738 2080 poni
756 2026 914 2082 nequit
933 2027 1030 2068 sine
1052 2026 1204 2081 aliqua
1225 2036 1274 2066 re
1288 2053 1301 2076 ‚
1337 2024 1548 2067 cohaeret
1566 2038 1666 2067 eum
1688 2037 1766 2075 ea3
1801 2036 2019 2078 quaenam
2040 2036 2146 2067 vere
2165 2029 2238 2070 est
2257 2027 2365 2071 haec
2383 2042 2458 2073 co-

324 2091 586 2145 haerentia,
617 2092 658 2135 ei
678 2091 779 2136 fieri
796 2106 934 2151 posse
955 2092 1138 2147 statuis,
1168 2096 1222 2135 ut
1241 2105 1329 2134 non
1348 2092 1412 2134 sit
1433 2104 1665 2135 commune
1688 2104 1822 2133 unum
1842 2090 2057 2149 temporis
2074 2099 2342 2139 momentum
2363 2110 2458 2141 am-

324 2154 547 2216 hpbus?“
603 2159 679 2203 At
711 2163 764 2202 ut
795 2160 998 2214 exemplo
1028 2159 1142 2201 hanc
1176 2159 1603 2214 argumentationem
1631 2156 1910 2214 redarguam.
1964 2157 2179 2204 Dormire
2200 2165 2246 2204 et
2265 2162 2454 2220 vigilare

325 2229 509 2271 constat
546 2225 750 2270 notiones
778 2226 995 2271 relativas
1026 2241 1144 2272 esse.
1212 2225 1329 2284 Quis
1362 2230 1510 2269 autem
1540 2227 1683 2281 dicet,
1722 2225 1916 2271 dormire
1954 2227 2149 2287 aliquem
2178 2242 2321 2288 neque
2348 2238 2453 2278 ante

327 2308 472 2353 neque
503 2298 609 2353 post
637 2294 819 2351 vigilias
856 2308 988 2353 posse
1021 2294 1101 2339 sed
1137 2293 1273 2339 simul
1306 2295 1563 2340 necessario
1595 2295 1901 2340 dormiendum
1932 2298 1980 2340 et
2013 2295 2287 2355 vigilandum
2322 2300 2456 2347 esse?

327 2362 517 2409 Scilicet
535 2362 694 2420 lapsus
727 2362 973 2408 Dissenius
1005 2364 1052 2406 in
1077 2379 1130 2407 eo
1151 2368 1247 2418 est,
1286 2364 1406 2423 quod
1434 2379 1529 2409 rem
1555 2364 1825 2409 existimavit
1854 2378 1942 2408 una
1967 2378 2066 2409 cum
2083 2365 2172 2411 alia
2191 2380 2242 2412 re
2260 2370 2454 2426 cogitari

332 2446 420 2477 non
439 2444 575 2490 posse
590 2431 677 2475 nisi
699 2431 763 2477 ita
783 2436 835 2476 ut
856 2447 944 2478 una
973 2433 1109 2479 etiam
1139 2448 1239 2479 cum
1267 2448 1320 2477 ea
1353 2439 1434 2478 aut
1464 2447 1591 2479 esse
1618 2447 1772 2479 revera
1799 2437 1880 2478 aut
1906 2433 1985 2477 fie
1997 2434 2049 2479 ri
2073 2434 2312 2493 cogitetur.
2368 2439 2451 2485 Et-

380 2625 424 2665 λζ)
446 2626 499 2660 De
518 2627 655 2668 tempp.
676 2627 712 2660 et
732 2626 848 2661 modd.
874 2636 908 2670 p.
926 2629 961 2663 6.
984 2637 1089 2672 quum
1108 2638 1154 2667 ea
1172 2637 1265 2667 vera
1283 2629 1413 2667 relatio
1433 2629 1500 2675 sit,
1536 2630 1567 2667 si
1592 2629 1675 2676 quid
1694 2634 1793 2668 recte
1822 2629 1975 2675 cogitari
2000 2639 2070 2668 non
2097 2629 2235 2676 possit,
2265 2630 2338 2667 nisi
2369 2642 2451 2669 cum

475 2683 549 2715 alio
574 2683 724 2723 quodam
751 2684 968 2730 cogitatum,
1003 2694 1081 2720 cnm
1112 2696 1203 2733 quo,
1239 2689 1272 2721 si
1302 2689 1387 2730 flat,
1419 2696 1489 2723 uno
1512 2688 1575 2723 fiat
1602 2691 1797 2732 eodemque
1814 2691 1995 2732 tempore,
2029 2687 2114 2732 quid
2129 2687 2331 2724 dubitamus
2349 2710 2359 2721 .
2381 2711 2391 2722 .
2410 2712 2419 2722 .
2439 2713 2448 2721 .

476 2746 511 2778 p.
531 2738 565 2770 9.
593 2760 618 2781 ‚‚
629 2740 802 2775 Remtiva
819 2746 981 2783 tempora
998 2751 1060 2777 res
1079 2753 1150 2780 non
1165 2745 1315 2780 diverso
1338 2746 1403 2779 sed
1423 2747 1546 2781 eodem
1569 2753 1650 2781 cum
1667 2746 1749 2781 auis
1765 2748 1944 2782 momento
1960 2745 2158 2783 collocant,
2189 2743 2274 2788 qnia
2291 2743 2449 2789 alioquin

473 2793 597 2828 nullus
620 2797 719 2831 esset
734 2796 923 2836 relationis
940 2807 1066 2835 nexus.
1078 2797 1103 2820 ‘⁶
