2744 3409
1159 115 1584 164 —27—

314 254 431 310 ἡμῖν,
473 251 617 306 ἄνδρες
645 247 923 305 Σπαρτιῆται,
959 242 1113 302 ἀγῶνες
1141 245 1490 302 ἀγωνίδαται,
1519 248 1667 290 πολλοὶ
1687 246 1733 289 δὲ
1751 249 1820 289 καὶ
1837 243 1942 304 πρὸς
1958 245 2106 296 ἄλλους
2126 244 2193 300 *).
2248 245 2418 295 Thuc.

311 321 376 368 ll.
407 335 447 366 c.
474 323 552 364 40.
582 317 661 360 nbi
691 315 891 359 Pericles
924 312 973 357 οὖ
1001 312 1106 370 γάρ,
1134 314 1308 371 inquit,
1336 313 1565 369 πάσχοντες
1594 312 1640 358 εὖ
1669 311 1770 358 ἀλλὰ
1798 316 1971 370 δρῶντες
1999 312 2197 369 κτώμεθα
2227 311 2322 365 τούς
2351 320 2420 371 φί-

311 396 420 440 λους.
461 385 722 443 βεβαιότερος
760 388 806 428 δὲ
843 382 868 428 ὅ
910 381 1066 436 δράσας
1096 380 1168 435 τήν
1192 381 1316 439 χάριν
1346 381 1450 425 ὥστε
1478 380 1742 438 ὀφειλομένην
1773 380 1833 425 δι’
1861 381 2019 433 εὖνοίας
2048 378 2083 441 ᾧ
2109 384 2312 427 δέδωκε
2339 383 2422 427 σώ-

313 460 419 511 ζειν
478 455 502 500 ὅ
542 455 586 500 δ’
624 453 872 509 ἆντοφείλων
908 449 1185 508 ἀμβλύτερος,
1223 446 1340 501 εἶδώς
1379 446 1454 493 οιῗκ
1492 450 1533 500 ἐς
1572 450 1719 510 χάριν,
1756 449 1844 495 ἄλλ’
1876 452 1920 501 ἐς
1948 448 2145 506 ὀφείλημα
2174 447 2245 505 τήν
2273 449 2422 506 α’ρετῆν

316 524 560 570 ἀποδώσων.
618 521 689 566 Cf.
718 521 781 564 ib.
807 517 893 565 IV.
923 534 1021 578 cap.
1052 521 1124 567 1⁷.
1154 518 1447 577 ξυμβεβῆκασι.
1504 518 1664 577 Neque
1696 517 1831 564 aliter
1857 517 2035 574 Latini,
2068 524 2120 563 ut
2149 517 2260 566 Cic.
2291 518 2424 566 Nat.

317 594 381 640 D.
422 592 510 639 111.
550 606 591 637 c.
626 591 700 636 28,
771 587 905 633 Multi
943 594 990 634 et
1028 604 1162 648 quum
1203 589 1363 633 obesse
1392 587 1560 632 vellent
1588 587 1939 646 profuerunt
1969 592 2016 631 et
2042 601 2176 645 quum
2207 588 2424 647 prodesse

312 661 643 706 obfuerunt.
700 656 772 703 Ita
794 672 880 702 non
898 658 950 702 fit
972 672 1025 702 ex
1056 673 1137 709 eo,
1166 656 1287 716 quod
1309 655 1465 711 datur,
1495 661 1548 700 nt
1565 657 1771 700 voluntas
1792 657 1915 709 eius,
1951 657 2031 714 qui
2049 654 2257 707 dederit,
2287 673 2424 718 appa-

312 734 434 784 reat3
465 741 543 772 nec
564 727 606 773 si
629 727 694 782 is,
724 726 804 785 qui
833 740 958 772 acce
973 727 1078 786 pit,
1105 726 1215 770 bene
1236 726 1397 779 utitur,
1422 724 1590 769 idcirco
1612 724 1685 775 is,
1714 725 1792 782 qui
1822 723 2004 780 dedit,
2034 725 2175 768 amice
2204 724 2420 773 dedit.“

446 830 501 873 In
529 829 775 888 perfectum
804 828 948 885 igitur
975 832 1132 872 contra
1157 826 1462 872 Hermannum
1486 825 1771 871 statuendum
1805 828 1895 872 erit
1916 828 2255 873 consuetudinis
2277 831 2422 874 notio-

312 912 412 945 nem
444 913 532 944 non
560 898 706 944 minus
736 895 895 941 cadere
923 910 1055 955 quam
1082 896 1128 940 in
1148 895 1305 939 aoristi
1326 900 1519 957 tempus.
1574 894 1830 940 Audiamus
1848 911 1962 940 nunc
1989 911 2089 940 enm
2107 897 2422 956 imperfectum

315 972 522 1047 temp-us,
563 980 590 1011 a
620 979 708 1025 quo
734 965 876 1010 maius
904 965 1038 1009 etiam
1060 964 1102 1008 ei
1134 979 1265 1023 quam
1285 979 1311 1007 a
1335 965 1534 1025 perfecto
1569 964 1748 1008 videtur
1776 964 2006 1008 doctrinae
2037 979 2145 1008 suae
2173 967 2421 1024 periculum

316 1037 466 1090 nasci,
507 1033 814 1078 defendentem
845 1047 870 1075 a
892 1033 1215 1090 significatione
1244 1034 1340 1076 illa.
1398 1032 1661 1084 ,,Ειιιιᾶοιιι,
1688 1033 1865 1087 inquit,
1899 1032 2267 1086 significationem
2287 1033 2421 1077 etiam

315 1103 581 1166 imperfecto
599 1103 804 1145 tribuunt
824 1102 1118 1157 grammatici.
1176 1100 1380 1158 Quorum
1414 1098 1455 1142 si
1482 1113 1586 1143 vera
1613 1099 1835 1144 sententia
1861 1103 1954 1153 est,
1983 1113 2139 1145 vereor
2158 1115 2212 1145 ne
2231 1100 2425 1146 omnium

313 1179 567 1233 temporum
587 1173 704 1215 ratio
727 1171 774 1213 in
796 1184 978 1227 magnas
997 1174 1131 1227 atque
1156 1167 1487 1212 inextricabiles
1516 1166 1807 1212 difficultates
1840 1165 2023 1212 incidat.
2036 1171 2066 1195 ‘⁶
2123 1167 2326 1214 Conatur
2350 1167 2426 1213 de-

313 1241 419 1287 inde
439 1242 520 1284 has
541 1240 833 1283 difficultates
851 1241 1010 1283 tollere
1026 1239 1106 1290 ita,
1136 1242 1188 1281 nt
1204 1235 1510 1295 imperfectum
1529 1233 1652 1280 dicat
1670 1250 1813 1294 quum
1828 1249 2004 1294 semper
2023 1234 2079 1281 ad
2096 1236 2279 1296 aliquod
2301 1236 2426 1282 aliud

313 1317 494 1371 tempus
518 1306 798 1352 referendum
820 1307 906 1361 sit,
936 1306 1000 1351 ita
1021 1309 1195 1349 tantum
1223 1304 1419 1360 aliquam
1440 1303 1811 1359 frequentationis
1833 1305 2056 1348 notionem
2078 1306 2304 1349 continere
2324 1318 2429 1364 pos-

315 1394 367 1423 se
384 1408 398 1427 ,
432 1383 484 1420 ut
511 1391 598 1419 non
617 1376 792 1418 omnino
810 1375 856 1418 b.
874 1389 914 1419 e.
936 1388 1023 1418 non
1051 1372 1207 1430 quavis
1229 1370 1448 1430 temporis
1470 1374 1625 1429 parte,
1654 1370 1774 1429 quod
1796 1372 2067 1416 ani-istorum
2086 1373 2172 1426 sit,
2202 1372 2284 1416 sed
2306 1379 2430 1417 certo

323 1443 515 1502 quodam
537 1447 737 1498 tempore
759 1438 930 1496 aliquid
949 1439 1048 1481 fieri
1068 1440 1352 1484 consuevisse
1370 1437 1561 1482 dicatur.
1619 1439 1814 1497 „Quare
1825 1470 1841 1492 ,
1867 1441 2037 1500 inquit,
2074 1442 2287 1485 facillime
2315 1442 2428 1486 diiu-

319 1510 465 1556 dicari
485 1512 661 1566 potest,
697 1505 809 1564 quid
836 1506 899 1550 sit
925 1503 1195 1556 discriminis
1209 1536 1222 1558 ,
1256 1508 1406 1545 utrum
1438 1505 1611 1561 aliquid
1634 1508 1732 1552 fieri
1755 1510 1901 1553 solere
1922 1511 2089 1554 aorIsto
2107 1512 2355 1567 praeterito
2374 1525 2427 1553 an

320 1577 586 1637 imperfecto
625 1573 817 1621 dicatur.
884 1571 1006 1618 Nam
1035 1585 1149 1631 qnae
1179 1570 1349 1618 aoristo
1380 1573 1623 1629 praeterito
1654 1575 1754 1617 fieri
1785 1575 2070 1618 consuevisse
2101 1574 2336 1630 dicuntur,
2371 1592 2425 1622 ea

455 1776 497 1803 re
529 1764 605 1801 vim
636 1764 793 1808 perfecti
823 1767 957 1801 babere
988 1775 1094 1810 quain
1123 1768 1342 1802 antecedens
1366 1764 1594 1810 participium
1619 1768 1975 1814 συγκεκομισμένων,
2005 1771 2101 1804 huno
2127 1769 2268 1814 quidem
2291 1771 2427 1807 vallae

452 1829 624 1857 errorem
646 1822 852 1854 emendavit
875 1825 1051 1856 vertendo
1074 1824 1213 1857 simul
1238 1824 1311 1856 bic
1334 1825 1517 1857 medius
1539 1825 1728 1858 fructus
1753 1829 1999 1859 collectus
2023 1830 2117 1870 est,
2147 1827 2285 1869 reliqua
2309 1834 2429 1862 autem

454 1877 666 1920 praesentia
691 1877 879 1911 bibitur
902 1880 939 1910 et
961 1879 1126 1913 editur
1148 1878 1362 1921 corrigenda
1381 1879 1527 1921 reliquit
1557 1881 2052 1927 Schweighaeuser-o,
2086 1883 2147 1925 qui
2169 1885 2323 1917 mutavit
2345 1891 2430 1918 tan-

449 1936 530 1967 dem
550 1933 615 1966 illa
637 1930 676 1964 in
697 1939 742 1965 ea
765 1936 938 1975 tempora,
961 1942 1054 1974 qnae
1074 1940 1111 1966 et
1132 1935 1186 1966 rei
1211 1938 1248 1967 et
1269 1936 1417 1975 linguae
1442 1941 1573 1970 natura
1590 1938 1729 1980 flagitat
1752 1939 1785 1971 h.
1803 1947 1834 1971 e.
1859 1939 1895 1972 in
1921 1940 2084 1980 perfecta
2108 1941 2256 1982 quand
2270 1949 2291 1976 o
2314 1950 2335 1975 e
2347 1949 2428 1983 po-

455 1990 534 2023 tus
557 1994 945 2030 commensusque
977 1994 1052 2023 est
1074 1988 1251 2031 primus
1273 1988 1480 2021 fructus.

370 2055 414 2096 εἰ)
438 2054 598 2097 Quartus
618 2060 663 2085 ex
687 2052 871 2087 Herodoto
891 2052 1016 2097 locus,
1039 2054 1101 2096 qui
1121 2056 1190 2087 buc
1213 2052 1358 2086 videtur
1379 2053 1507 2088 referri
1530 2061 1658 2096 posse,
1683 2058 1739 2087 est
1762 2055 1823 2086 lib.
1852 2055 1880 2086 Ι.
1905 2063 1936 2086 c.
1964 2057 2043 2089 193.
2077 2053 2116 2088 ἐκ
2138 2054 2176 2090 δὲ
2194 2056 2341 2101 κέγχρου
2363 2062 2425 2093 καὶ

459 2106 622 2153 σησάμου
647 2103 734 2144 ’ὄσρν
756 2119 795 2140 τι
816 2105 967 2153 δένδρον
989 2109 1156 2153 μέγαθος
1174 2107 1330 2152 γίνεται,
1353 2106 1630 2152 ἐξεπιστάμενος
1657 2106 1806 2153 μνῆμην
1832 2106 1873 2142 οὗ
1894 2107 2118 2153 ποιήσομαι,
2153 2105 2191 2145 εὗ
2214 2108 2330 2151 εἰδώς,
2366 2111 2424 2148 ὅτι

457 2163 556 2199 τοῖσι
585 2159 638 2206 μή
673 2158 909 2207 ᾰπιγμὲνοισι
940 2162 975 2201 ἐς
1003 2162 1073 2209 τήν
1103 2161 1337 2210 Βαβυλωνίην
1357 2160 1477 2209 χώρην
1500 2166 1559 2198 καὶ
1583 2161 1629 2200 τὰ
1651 2159 1821 2208 εἰρημένα
1846 2163 1997 2211 καρπῶν
2019 2164 2170 2210 ἐχόμενα
2194 2164 2229 2204 ἐς
2251 2164 2425 2213 ἀπιστίην

455 2215 595 2263 πολλὴν
622 2213 852 2262 ἀπῖκται,
889 2227 983 2263 quae
1018 2221 1221 2263 posteriora
1253 2222 1371 2254 verba
1411 2222 1549 2255 Laur.
1582 2222 1725 2253 valla
1755 2224 1793 2253 et
1829 2223 2198 2264 wesselingius
2238 2230 2421 2260 verterunt

453 2278 600 2322 „probe
624 2276 765 2318 sciens,
795 2277 841 2309 iis
863 2278 925 2318 qui
948 2286 1126 2320 nunquam
1150 2279 1390 2319 Babyloniam
1412 2278 1596 2320 regionem
1615 2278 1804 2321 adierunt,
1827 2286 1919 2321 quae
1939 2279 1984 2313 de
2006 2278 2192 2323 frugiferis
2215 2280 2311 2318 dicta
2327 2286 2421 2321 sunt.

457 2342 631 2376 perquam
653 2330 882 2367 incredibilia
915 2334 1066 2369 visum
1098 2332 1218 2380 i;i“‚
1249 2333 1696 2378 Schweighaeuser
1729 2334 1856 2380 „satis
1879 2342 2014 2378 gnarus
2036 2343 2122 2381 eos,
2153 2337 2247 2381 qui.
2269 2360 2280 2370 .
2305 2360 2314 2371 .
2336 2361 2345 2372 .
2377 2348 2422 2373 ne

458 2390 516 2425 his
540 2388 681 2433 quidem
708 2414 718 2424 .
744 2412 753 2422 .
779 2411 788 2421 .
817 2388 961 2424 fidem
985 2390 1299 2426 adhibituros.
1310 2386 1337 2409 ‘⁶
1359 2389 1565 2424 Perfectum
1592 2391 1702 2432 igitur
1727 2395 1945 2432 acceperunt
1967 2400 2032 2433 pro
2055 2393 2175 2425 futuro
2192 2403 2306 2435 neque
2329 2403 2420 2430 cau-

457 2453 503 2481 ea
527 2446 640 2489 latet,
662 2454 727 2479 cur
749 2447 815 2478 boc
842 2445 1007 2478 fecerint.
1054 2448 1200 2479 scilicet
1222 2454 1314 2488 quae
1337 2449 1440 2480 modo
1464 2448 1666 2479 Herodotus
1700 2449 1742 2478 de
1764 2448 1929 2489 frugibus
1951 2449 2169 2489 Babyloniae
2191 2459 2421 2497 narraverat,

456 2510 504 2534 ea
529 2510 638 2543 quum
659 2504 810 2535 nondum
831 2503 929 2535 lecta
951 2507 1075 2536 essent
1102 2505 1321 2546 bominibus,
1356 2503 1455 2536 nullo
1476 2503 1578 2536 modo
1609 2502 1681 2535 iam
1703 2502 1841 2537 credita
1863 2512 1934 2538 non
1956 2512 2066 2539 esse
2088 2506 2151 2540 sed
2175 2507 2313 2542 tantum
2336 2516 2422 2544 cre-

457 2558 570 2593 ditum
593 2564 664 2591 non
687 2556 752 2597 iri
775 2558 820 2592 ab
844 2565 886 2591 eo
912 2558 982 2591 dici
1005 2561 1182 2600 poterant.
1227 2561 1276 2595 At
1298 2558 1335 2593 in
1360 2559 1426 2593 hac
1445 2557 1526 2600 ipss
1547 2557 1684 2592 ratione
1708 2559 1821 2602 latet,
1846 2560 1991 2605 opinor,
2014 2561 2160 2606 vitium,
2184 2570 2254 2604 quo
2278 2566 2424 2602 sublato

460 2623 532 2650 non
563 2613 637 2649 vim
667 2615 800 2650 afferre
831 2614 985 2650 sermoni
1021 2615 1195 2659 cogimur.
1249 2616 1333 2650 Noli
1361 2615 1453 2648 enim
1477 2615 1591 2648 verba
1613 2611 1661 2648 roi
1686 2610 1858 2659 εἰρημένα
1880 2615 2089 2651 reterre'ad
2113 2625 2180 2661 ea,
2200 2627 2295 2661 qnae
2319 2625 2425 2657 modo

461 2673 507 2703 ab
531 2671 586 2702 He
654 2677 712 2704 oto
736 2671 872 2711 scripta
895 2677 998 2714 sunt,
1029 2673 1095 2704 sed
1119 2674 1166 2705 ad
1187 2681 1253 2715 ea,
1286 2680 1378 2712 quae
1400 2672 1443 2703 de
1468 2672 1691 2710 Babyloniae
1716 2672 1957 2704 foecunditate
1980 2674 2017 2707 et
2040 2674 2086 2707 ab
2107 2674 2195 2707 aliis
2204 2675 2290 2711 dan
2313 2684 2425 2715 antea,

456 2735 494 2760 et
526 2729 572 2760 ab
630 2738 650 2761 o
680 2728 758 2768 ipso
791 2729 968 2771 fortasse,
999 2727 1208 2769 priusquam
1240 2726 1373 2763 litteris
1399 2725 1648 2771 consignaret,
1679 2725 1775 2762 dicta
1798 2728 1918 2771 erant,
1952 2734 2067 2774 neque
2092 2733 2150 2765 est
2173 2732 2338 2774 profecto
2358 2743 2423 2773 cur

455 2790 528 2819 non
549 2789 676 2819 veram
700 2782 854 2826 perfecti
874 2781 1167 2829 significationem
1197 2782 1235 2819 in
1258 2785 1325 2819 boc
1348 2783 1456 2818 etiam
1481 2784 1561 2819 loco
1585 2784 1741 2817 retinere
1767 2785 1899 2823 possis.

1792 2839 1871 2881 ⁴*
