2744 3409
1150 41 1577 95 *ΙΙ-..-

310 175 395 220 sub
426 175 611 234 ancipiti
640 181 686 221 et
712 177 881 221 incerto
900 180 1102 234 tempore
1121 190 1216 221 rem
1239 176 1464 234 significat
1480 177 1738 224 futuram.“
1796 179 1862 235 Ut
1882 186 2032 227 autem
2050 195 2136 229 non
2154 183 2296 228 futuri
2309 215 2324 238 ,
2351 186 2416 230 ita

307 256 364 288 ne
398 245 651 303 praesentis
675 243 1138 306 quidemindefinitus
1159 259 1273 291 usus
1293 246 1468 292 omnino
1494 247 1675 308 fugerat
1696 252 2025 306 grammaticos.
2081 251 2416 296 Ammonius

306 317 430 358 certe
449 313 494 360 in
516 314 884 376 interpretatione
897 313 1170 361 Aristotelei
1189 316 1336 360 libelli
1363 321 1460 374 περὶ
1487 317 1706 374 ἑρμηνείας
1733 321 1927 363 extrema
1945 321 2081 380 primi
2100 321 2265 379 capitis
2282 320 2437 364 verba*

306 383 470 440 quibus
498 384 712 439 docetur,
750 383 922 443 duplici
950 384 1080 428 modo
1110 385 1250 437 ἅπλῶς
1278 387 1305 440 ἢ
1331 384 1434 430 κατά
1461 387 1613 445 χρόνον
1649 388 1776 431 verbi
1807 403 1891 447 ope
1923 389 2093 448 aliquid
2121 389 2178 433 de
2214 388 2419 434 subiecto

305 454 531 498 enunciari
550 468 706 512 posse,
735 452 800 496 ita
820 453 1038 511 explicat:
1066 456 1197 511 λέγω,
1227 454 1292 500 ὅτι
1320 453 1367 499 τό
1397 459 1474 512 μὲν
1502 455 1640 506 ἁπλῶς
1666 459 1861 513 σημαίνοι
1880 456 1931 503 ἂν
1960 457 2007 505 tc}
2034 463 2108 516 μὲν
2137 457 2419 517 ἀορίστως

304 521 441 574 ἁπλῶς
482 524 611 571 οὕτως
644 523 797 565 εἰπεῖν·
841 524 1100 580 τραγέλαφος
1136 525 1246 582 (qua
1281 538 1390 569 voce
1426 525 1705 570 Aristoteles
1741 527 1934 586 exempli
1972 528 2117 572 instar
2139 542 2249 572 usus
2280 528 2417 584 erat),

302 589 351 644 ἦν
390 592 417 641 ’'7'
451 588 711 648 τραγέλαφός
745 591 856 634 ἔστιν
894 590 920 642 ἢ
957 594 1218 650 τραγέλαφος
1257 593 1395 649 ἔσται,
1432 591 1481 638 τὸ
1520 597 1566 638 δὲ
1602 590 1705 636 nard
1745 593 1896 650 χρόνον
1931 593 2035 653 μετά
2072 596 2317 653 προσθῆκης
2344 600 2419 643 τοῦ

302 658 456 716 χρόνου
493 658 593 702 καθ’
626 656 675 701 ὃν
710 655 760 710 ἦν
797 658 822 710 ἦ
850 658 991 714 ἔσται,
1029 658 1412 719 οἷον-’τραγέλαφος
1440 660 1489 715 ἧν
1517 666 1626 718 χθὲς
1654 662 1679 715 ἢ
1705 665 1901 719 πέρυσιν,
1937 665 1963 718 ἢ
1990 665 2108 709 ἔσται
2137 664 2280 721 αἷῖριον
2307 665 2335 717 ἢ
2360 667 2418 715 εἷς

300 724 348 770 vd
375 726 466 779 ἑξῆς
494 727 599 778 ἔτος.
653 725 722 768 Ex
745 728 1071 772 recentioribus
1101 728 1216 772 Ban
1228 731 1356 787 gius
1392 732 1438 774 in
1467 732 1689 777 Observv.
1715 746 1762 789 p.
1790 735 1892 777 471.
1935 731 2238 785 „Notandum
2256 736 2420 785 antem,

301 796 474 853 inquit,
506 795 562 838 de
586 798 815 853 praesenti
844 802 1072 856 tempore,
1108 798 1229 855 quod
1256 805 1426 858 tempus
1452 816 1665 859 praesens
1691 816 1779 844 non
1808 802 1952 845 solum
1979 798 2344 845 accommodetur
2362 803 2420 861 τῷ

301 867 372 910 νῦν
405 864 450 911 h.
474 881 515 913 e.
545 863 603 909 ad
632 864 807 911 instans
829 880 969 921 nunc,
997 866 1065 913 nti
1083 871 1297 926 putatur,
1332 867 1412 915 sed
1432 868 1489 914 ad
1512 882 1820 929 quamcunque
1841 870 1908 915 rei
1929 869 1985 915 de
2007 884 2093 929 qua
2117 868 2270 926 agitur
2288 880 2421 928 prae-

299 934 507 982 sentiam.
562 932 696 981 Unde
716 933 922 983 dicimuS.
941 965 956 981 .
974 962 989 983 0
1006 966 1021 982 .
1075 931 1222 981 Aliud
1240 940 1415 997 tempus
1435 936 1550 984 alios
1571 951 1719 982 mores
1741 939 1962 997 postulat.
2021 937 2262 996 Quondam
2283 934 2419 977 ctiam

298 1003 432 1048 victis
453 1001 574 1048 redit
598 1003 645 1047 in
677 1001 939 1060 praecordia
967 1002 1131 1050 virtus.
1143 1007 1174 1030 “
1230 1003 1507 1049 Accuratius
1533 1010 1637 1066 post
1664 1019 1763 1048 eum
1797 1004 2053 1048 Ursinus
2082 1004 2281 1061 (Institt.
2310 1003 2421 1059 ling.

299 1072 404 1120 Lat.
431 1072 521 1120 vol.
550 1071 590 1118 Ι.
618 1086 662 1130 p.
692 1070 843 1129 534.)ss
885 1068 1151 1124 „Praesens
1180 1072 1253 1116 bic
1282 1086 1368 1116 non
1384 1075 1586 1132 praecise
1611 1078 1660 1118 et
1683 1072 1828 1130 rigide
1855 1087 1990 1117 sensu
2018 1070 2338 1129 Philosophico
2365 1069 2422 1113 de

297 1142 429 1186 unico
447 1144 670 1184 momento
692 1144 738 1183 et
754 1143 918 1197 puncto
940 1141 1152 1199 temporis
1184 1139 1264 1183 sed
1285 1155 1384 1184 cum
1410 1142 1695 1202 ampliatione
1714 1140 1907 1199 quadam
1926 1145 1973 1184 et
1992 1154 2117 1184 mora
2134 1153 2222 1183 usu
2241 1139 2421 1195 vulgari

297 1209 479 1269 saepius
500 1207 777 1267 capiendum.
831 1206 870 1249 F
872 1206 910 1249 it
938 1221 1046 1265 ergo
1056 1239 1077 1262 ,,
1105 1213 1157 1252 ut
1175 1222 1263 1251 non
1289 1223 1394 1252 raro
1414 1215 1593 1266 tempus
1615 1207 1909 1264 praeteritum
1930 1213 1978 1250 et
1997 1208 2200 1250 futurum
2221 1221 2421 1265 compre-

297 1277 487 1331 hendat,
523 1278 595 1322 vel
620 1290 721 1320 cum
751 1274 1084 1319 continuatione
1109 1272 1332 1333 quadam,
1367 1277 1420 1318 ut
1441 1275 1487 1318 in
1508 1275 1588 1318 illo
1612 1273 1844 1319 Ciceronis
1867 1271 1924 1316 ad
1942 1274 2180 1318 Atticum:
2221 1273 2354 1332 cupio
2376 1277 2423 1317 et

296 1346 385 1388 iam
406 1343 584 1402 pridem
600 1345 732 1399 cupio
752 1341 1078 1385 Alexandriam
1100 1344 1345 1387 visere..
1383 1344 1457 1386 vel
1484 1358 1583 1385 cum
1612 1342 1851 1384 iteratione
1879 1341 2072 1398 quadam
2102 1346 2258 1391 actus,
2295 1339 2422 1385 iden-

297 1412 439 1455 tidem
463 1416 510 1453 et
527 1425 609 1469 per
628 1410 866 1453 intervalla
884 1423 938 1450 ex
968 1411 1293 1453 consuetudine
1317 1410 1509 1466 quadam
1533 1410 1739 1468 repetiti,
1768 1415 1821 1453 ut
1843 1411 1889 1452 in
1907 1410 1988 1467 illo
2009 1408 2194 1455 Terent.
2217 1408 2422 1467 Adelph.

296 1479 449 1534 „mihi
478 1476 659 1536 quidem
690 1490 778 1520 non
805 1477 986 1532 placent
1010 1482 1058 1519 et
1083 1477 1225 1521 clamo
1254 1491 1438 1536 saepe..
1489 1485 1562 1524 .“
1618 1476 1744 1521 Idem
1774 1478 1821 1521 in
1851 1476 2053 1534 μνῶμαις,
2091 1492 2205 1535 quae
2234 1476 2344 1535 qnid
2368 1489 2422 1521 ex

296 1562 421 1592 more
441 1547 522 1592 fiat
538 1551 618 1591 aut
639 1560 692 1590 ex
709 1558 797 1590 usu
818 1543 937 1588 vitae
954 1543 1059 1594 sit,
1052 1542 1350 1600 ἀορίστως
1376 1552 1424 1588 et
1450 1530 1763 1586 indefinite
1792 1548 1975 1595 notant,
2005 1544 2244 1588 observare
2260 1542 2422 1588 licet.“

436 1615 587 1674 Quum
613 1627 639 1657 a
667 1612 860 1669 singulis
890 1613 1033 1668 igitur
1064 1611 1342 1667 singulorum
1372 1612 1620 1669 temporum
1650 1610 1717 1655 vis
1748 1609 2018 1654 indefinita
2003 1624 2091 1655 iam
2124 1616 2228 1654 ante
2255 1609 2423 1655 Harri-

297 1684 413 1731 sium
443 1681 751 1727 animadversa
781 1685 933 1731 esset,
976 1679 1032 1723 ab
1059 1679 1143 1723 boc
1167 1683 1316 1723 tamen
1345 1679 1492 1737 primo
1516 1677 1572 1721 de
1592 1678 1802 1723 universa
1818 1693 1868 1722 re
1888 1680 1961 1723 via
1980 1684 2028 1723 et
2044 1679 2199 1724 ordine
2218 1678 2422 1739 disputa-

297 1759 396 1798 tum
413 1755 599 1808 totaque
617 1752 866 1808 temporum
886 1745 1074 1801 divisio,
1112 1744 1219 1790 inde
1237 1746 1293 1789 ab
1322 1746 1501 1790 invento
1527 1746 1697 1791 aoristo
1730 1760 1885 1791 manca
1925 1751 1972 1791 et
1996 1748 2288 1808 perturbata,
2324 1753 2425 1792 tan·

300 1821 401 1866 dem
432 1820 606 1877 expleta
634 1831 795 1860 rursus
817 1821 1077 1871 certamque
1094 1814 1152 1858 ad
1171 1816 1389 1859 rationem
1411 1819 1620 1858 revocata
1641 1819 1728 1862 est.
1787 1815 1966 1860 Etenim
1989 1822 2189 1876 tempora
2212 1817 2339 1861 verbi
2361 1817 2426 1861 ait

302 1893 381 1934 aut
410 1885 591 1931 definite
616 1883 826 1942 usurpari
859 1885 939 1925 aut
965 1880 1209 1926 indefinite.
1277 1883 1482 1927 Definito
1508 1885 1613 1928 usui
1635 1885 1900 1929 tribuuntur
1921 1900 2076 1930 novem
2101 1887 2206 1940 illa,
2233 1899 2426 1944 quorum

299 1956 467 2003 mentio
489 1967 515 1997 a
536 1951 666 1996 nobis
685 1952 806 1994 facta
826 1949 1072 2006 iamsupra
1090 1953 1162 1992 est
1191 1948 1327 2006 (part.
1347 1948 1411 1991 11.
1432 1965 1475 2005 p.
1496 1954 1537 1993 1.
1558 1957 1606 1993 et
1624 1954 1694 2007 2.)
1707 1983 1720 2003 ,
1757 1952 1990 1995 indefinito
2013 1960 2160 1996 autem
2180 1954 2288 1995 haec
2306 1952 2396 1996 tria
2409 1965 2424 1996 ε

297 2025 520 2069 Aoristus
541 2019 794 2078 praesentis
813 2017 1043 2075 temporis.
1063 2015 1229 2073 Γράφω.
1258 2015 1433 2060 Scribo.
1461 2015 1483 2059 1
1504 2017 1651 2061 write.
1681 2017 1901 2061 Aoristus
1920 2020 2158 2074 praeteriti
2185 2019 2424 2077 temporis.

291 2094 500 2150 Ἔγραψα.
544 2086 742 2146 Scripsi.
773 2084 799 2130 1
827 2088 991 2131 wrote.
1049 2083 1270 2129 Aoristus
1311 2082 1454 2127 futuri
1494 2083 1727 2141 temporis.
1768 2084 1940 2142 Γράφω.
1981 2083 2204 2132 Scribam.
2243 2085 2270 2131 1
2301 2086 2423 2131 shall

300 2161 450 2205 write.
505 2154 627 2212 Ergo
665 2168 803 2211 quum
840 2153 1008 2211 reliqui
1040 2152 1322 2209 grammatici
1359 2151 1614 2196 Stoicorum
1640 2153 1953 2196 auctoritatem
1985 2155 2168 2210 sequuti
2198 2153 2246 2197 in
2273 2154 2422 2212 capite

301 2225 535 2273 divisionis
552 2223 809 2283 posuissent
830 2222 1020 2266 actionis
1038 2222 1228 2265 infectae
1251 2225 1298 2264 et
1316 2220 1540 2280 perfectae
1563 2218 1831 2275 discrimen,
1871 2235 1926 2265 ex
1946 2221 2088 2267 ternis
2107 2226 2279 2275 autem,
2306 2234 2422 2280 quae

302 2295 498 2354 singulis
529 2293 599 2336 hic
627 2290 814 2335 actionis
836 2290 1074 2345 generibus
1096 2288 1297 2334 accidere
1321 2293 1534 2347 possunt,
1570 2288 1846 2347 temporibus
1871 2294 1949 2334 aut
1969 2291 2212 2348 praeterita
2231 2294 2424 2345 tantum,

301 2370 356 2411 ut
386 2361 629 2411 Valerius,
658 2358 896 2410 Sanctius,
927 2356 1154 2415 Bangius,
1185 2356 1409 2412 Ursinus,
1438 2361 1517 2401 aut
1544 2357 1769 2415 perfecta,
1815 2362 1867 2402 ut
1894 2358 2103 2414 Reizius,
2143 2360 2190 2404 in
2231 2357 2424 2404 relativa

303 2447 466 2480 rursus
495 2435 542 2475 et
569 2429 775 2474 absoluta
797 2424 1083 2482 divisissent,
1120 2427 1378 2473 Harrisium
1410 2430 1562 2470 contra
1592 2425 1647 2469 ab
1679 2426 1760 2470 hac
1785 2426 1883 2485 ipsa
1903 2427 2133 2471 relationis
2155 2427 2338 2472 notione
2357 2428 2427 2472 vi·

305 2503 462 2547 demus
492 2500 739 2560 profectum
766 2509 865 2539 esse
895 2494 1159 2554 duobusque
1198 2502 1445 2555 temporum
1475 2494 1737 2551 generibus,
1772 2495 1973 2539 relativis
2003 2501 2049 2538 et
2077 2495 2305 2540 absolutis
2344 2510 2427 2541 seu

306 2570 504 2616 definitis
529 2573 576 2614 et
596 2563 863 2618 indefinitis,
904 2564 1164 2608 constitutis
1202 2565 1378 2623 singula
1419 2562 1708 2609 relativorum
1737 2567 1936 2620 tempora
1966 2562 2224 2610 ostendisse
2261 2578 2426 2609 rursus

309 2643 516 2701 oportere
544 2635 797 2698 tripartita,
834 2632 1040 2677 absoluta
1067 2636 1217 2677 autem
1233 2632 1456 2692 simplicia
1476 2645 1593 2678 esse.
1651 2629 1791 2678 Cuius
1813 2629 2047 2675 divisionis
2070 2632 2140 2677 vis
2157 2647 2244 2692 quo
2265 2634 2427 2679 melius

310 2708 593 2767 intelligatur
617 2705 792 2751 adiecta
822 2701 878 2746 ab
900 2700 1111 2747 Harrisio
1137 2702 1246 2748 haec
1272 2708 1404 2748 sunt:
1458 2699 1636 2760 „Quod
1662 2700 1829 2813 attineg
1844 2699 2069 2797 zoristos,
2092 2701 2140 2747 bi
2157 2717 2182 2746 a
2206 2717 2426 2760 gramma-
