2744 3409
1143 125 1576 178 -17—

306 258 428 320 qnod
447 258 547 319 ipse
570 257 813 304 Dissenius
843 256 1119 316 intelligenti
1134 252 1457 319 quidem'satis
1486 264 1642 321 aperte
1659 258 1889 304 confessus
1910 263 1997 307 est.
2053 257 2413 318 Distinguuntur

306 329 424 373 enim
448 328 504 372 ab
524 342 577 372 eo
595 329 848 387 praesentia
867 328 1055 372 relatiua
1073 333 1120 371 et
1134 333 1393 387 praesentes
1411 331 1585 375 aoristi.
1642 330 1716 377 At
1733 334 1990 388 praesentes
2009 342 2083 374 res
2114 328 2229 372 dicit
2262 332 2415 372 exsta-

305 409 357 440 re
376 409 464 440 una
482 410 581 441 cum
603 395 874 453 cogitatione
893 398 1073 449 nostra,
1098 395 1295 440 aoristos
1325 392 1413 440 nou
1432 403 1626 446 exstare.
1693 396 1912 455 Sequitur
1934 403 2193 455 praesentes
2215 395 2414 442 aoristos

304 475 463 508 revera
488 478 577 509 non
607 477 711 508 esse
737 465 1013 521 praesentes.
1068 461 1203 521 Quod
1230 464 1272 509 si
1294 464 1582 521 quaerimus,
1610 465 1689 523 qui
1709 465 1877 510 factum
1899 464 1986 518 sit,
2016 465 2132 508 utin
2150 470 2221 508 tot
2239 468 2416 509 tantas-

305 544 394 591 que
419 531 622 578 salebras
649 528 858 576 inciderit
884 529 992 576 baec
1020 528 1224 577 Dissenii
1251 530 1530 592 disputatio,
1569 548 1704 579 causa
1723 531 1903 580 videtur
1921 530 2162 591 repetenda
2178 530 2281 577 inde
2298 545 2416 586 esse,

308 600 414 659 quia
433 603 558 644 recte
578 598 758 658 quidem
777 597 857 643 ille
876 603 1269 659 praesentem-rein
1290 601 1520 648 contendit
1536 617 1632 647 eam
1652 616 1779 654 esse,
1813 615 1928 662 quae
1946 615 2037 645 una
2058 603 2205 645 exstet
2220 614 2320 645 cnm
2342 614 2419 646 co-

304 670 523 727 gitatione
541 672 715 719 nostra,
738 667 846 727 quid
868 673 1015 713 autem
1036 670 1098 715 sit
1113 670 1247 726 illud,
1276 670 1399 730 quod
1417 687 1504 717 una
1516 677 1697 717 exstans
1714 686 1813 716 cum
1833 686 1884 715 ea
1905 671 1950 715 in
1970 668 2284 731 praesentibus
2304 673 2416 713 tem-

301 736 492 797 poribus
509 737 793 794 cogitandum
814 738 900 791 sit,
928 738 1270 799 haudquaquam
1303 745 1427 785 recte
1457 745 1742 802 perspectum
1766 739 1938 785 babuit.
1996 737 2177 783 Etenim
2195 737 2419 794 cogitasse

302 819 404 849 eum
423 809 552 864 patet
574 806 622 848 in
642 806 834 849 iniectae
865 807 1053 850 actionis
1071 809 1387 867 praesentibus
1416 809 1609 865 (ferunt,
1639 807 1847 866 tradunt)
1879 807 1935 850 de
1961 807 2219 859 actione,
2248 806 2295 849 in
2317 818 2420 865 per-

303 872 449 917 fectae
469 877 617 918 autem
636 880 682 918 et
697 873 968 919 inchoandae
986 877 1175 921 actionis
1196 877 1509 936 praesentibus
1540 877 1682 936 (πόλις
1711 877 1917 931 ἔκτισται,
1947 879 2180 918 amaturus
2207 873 2332 929 sum)
2361 872 2419 915 de

301 940 451 1000 ipsius
479 942 695 1002 temporis
722 958 746 987 c
759 942 982 988 onditio
994 958 1022 987 n
1034 960 1082 998 e,
1119 959 1256 1002 quum
1285 946 1331 989 in
1357 946 1562 991 omnibus
1589 946 1742 1003 potius
1771 945 1970 999 cogitare
1989 941 2173 985 deberet
2189 940 2246 984 de
2264 939 2421 984 condi-

304 1010 444 1056 tione.
498 1009 556 1056 ld
583 1015 728 1056 autem
758 1025 895 1069 quum
920 1009 1106 1055 uberius
1124 1011 1376 1068 explicandi
1395 1013 1524 1070 copia
1543 1013 1699 1056 futura
1716 1010 1780 1055 sit
1798 1013 1981 1067 postea,
2009 1021 2126 1052 nunc
2146 1006 2266 1051 satis
2282 1006 2421 1050 babe-

305 1090 407 1122 mus
434 1078 708 1132 ostendisse,
744 1076 986 1121 discrimen
1016 1091 1042 1121 a
1070 1076 1286 1123 Dissenio
1316 1079 1436 1123 inter
1462 1078 1651 1124 relativa
1675 1081 1724 1121 et
1753 1076 1962 1121 absoluta
1991 1080 2192 1134 tempora
2215 1073 2418 1134 pesitum

299 1146 615 1205 praesentibus
636 1144 817 1204 quidem
836 1144 1113 1204 temporibus
1131 1159 1218 1189 non
1240 1148 1487 1194 convenire.

438 1212 738 1268 Progrediens
752 1218 897 1258 autem
915 1214 995 1256 ille
1007 1213 1064 1256 ad
1079 1215 1325 1272 praeterita
1353 1215 1451 1268 „im
1465 1228 1495 1273 p
1505 1214 1595 1258 erf
1602 1228 1626 1257 e
1636 1228 1660 1257 c
1672 1217 1731 1257 tu
1741 1217 1831 1267 m‚“
1861 1212 2025 1271 inquit,
2052 1225 2122 1269 „p
2132 1224 2157 1253 r
2170 1225 2196 1253 a
2207 1224 2231 1253 e
2242 1213 2262 1252 t
2274 1223 2298 1252 c
2309 1223 2334 1252 r
2344 1209 2419 1252 iti

300 1281 545 1339 significat,
572 1287 625 1325 ut
642 1287 833 1335 constat,
861 1296 959 1326 rem
976 1282 1167 1339 aliquam
1187 1283 1494 1338 imperfectam
1516 1286 1640 1325 certo
1662 1281 1813 1339 aliquo
1831 1279 2050 1339 temporis
2071 1277 2309 1337 praeteriti
2326 1291 2421 1321 mo-

302 1355 454 1396 mento
481 1349 743 1404 durantem3
773 1351 903 1408 plns
916 1364 1075 1407 quam
1088 1350 1219 1407 perf
1226 1353 1406 1393 ectum
1441 1350 1570 1407 ponit
1599 1364 1697 1392 eam
1726 1348 1882 1392 eodem
1917 1350 2141 1391 momento
2168 1350 2420 1390 exstantem

303 1423 359 1463 nt
377 1423 630 1476 peractam3
664 1418 922 1458 futurum
950 1417 1269 1472 praeteriti
1298 1421 1349 1462 ut
1366 1423 1513 1462 mente
1534 1418 1747 1474 agitatam
1769 1422 1817 1461 et
1838 1432 1971 1475 quam
1993 1415 2094 1475 quis
2115 1418 2302 1475 paratus
2321 1414 2421 1459 fus-

300 1485 366 1531 rit
384 1483 584 1542 aggredi.
644 1481 764 1527 Sunt
782 1485 828 1524 et
844 1482 952 1525 haec
970 1482 1158 1527 relativa
1177 1489 1248 1533 et,
1280 1485 1402 1541 quod
1420 1491 1493 1529 est
1513 1487 1746 1531 relationis
1758 1518 1773 1540 ‚
1810 1486 2040 1545 pertinent
2057 1482 2115 1528 ad
2135 1482 2260 1528 aliud
2286 1481 2417 1541 quid-

303 1566 465 1613 quam,
502 1564 602 1594 cum
636 1563 725 1607 quo
756 1561 863 1591 una
888 1552 945 1592 et
974 1549 1147 1592 simul
1175 1550 1308 1597 sint.
1378 1550 1556 1609 Quare,
1583 1559 1637 1593 nt
1656 1555 1905 1606 exemplum
1928 1552 2134 1600 afferam,
2163 1550 2326 1606 siquis
2347 1548 2416 1593 di-

301 1621 393 1664 cit:
433 1633 535 1662 cum
564 1619 636 1662 sol
663 1617 890 1668 oriretur,
923 1622 1051 1660 ortus
1081 1622 1225 1668 esset,
1266 1618 1466 1661 oriturus
1500 1622 1644 1669 esset,
1682 1616 1929 1670 ambulavi,
1966 1615 2047 1659 hoc
2067 1615 2132 1657 ita
2152 1615 2417 1674 capiendum

300 1691 397 1731 estt
434 1691 636 1741 tempore
663 1682 981 1727 ambulationis
1006 1685 1078 1727 sol
1103 1683 1354 1738 oriebatur,
1393 1689 1521 1729 ortus
1540 1684 1717 1737 stabat,
1743 1685 1791 1727 in
1811 1697 1864 1725 eo
1888 1686 1989 1724 erat
2007 1686 2061 1724 ut
2075 1683 2290 1729 oriretur.
2345 1682 2417 1726 Ex

298 1767 390 1812 quo
416 1749 568 1804 vides,
603 1749 725 1808 quod
755 1750 888 1793 velim
915 1751 1089 1804 notari,
1119 1751 1226 1795 baec
1246 1752 1361 1806 tria,
1398 1754 1524 1797 nullo
1546 1756 1757 1809 excepto,
1786 1765 1873 1794 una
1894 1763 1995 1793 esse
2014 1763 2115 1793 cum
2136 1763 2211 1804 eo,
2240 1764 2329 1808 quo
2345 1763 2418 1794 re·

300 1821 563 1868 ferantur.“
620 1816 693 1862 At
721 1829 777 1861 ex
805 1816 888 1861 boc
918 1816 1098 1875 quidem
1121 1820 1326 1877 exemplo
1347 1823 1520 1864 tantum
1542 1819 1698 1874 abest,
1725 1826 1778 1863 ut
1798 1820 1888 1864 tale
1910 1817 2022 1877 quid
2044 1818 2077 1867 i.
2097 1833 2138 1864 e.
2160 1818 2297 1862 trium
2317 1818 2421 1863 illo·

299 1905 402 1939 rum
423 1893 673 1946 temporum
700 1884 771 1927 vis
799 1885 989 1928 relativa
1005 1886 1150 1928 videri
1165 1888 1336 1944 possit,
1374 1892 1427 1933 ut
1446 1888 1617 1934 aoristo
1637 1892 1790 1933 centra
1811 1887 2048 1933 relationis
2067 1887 2135 1932 vis
2152 1885 2255 1932 inde
2271 1886 2419 1933 vindi-

302 1960 399 2007 cari
416 1959 571 2016 queat.
628 1952 779 2009 Quum
797 1952 915 1995 enim
935 1951 1014 2015 qui
1034 1951 1169 1996 dicit:
1204 1982 1234 2005 ,‚
1246 1966 1382 2009 quum
1401 1957 1474 1996 sel
1492 1956 1714 2008 oriretur,
1743 1962 1873 2010 ortus
1893 1961 2032 2009 esset,
2060 1955 2261 2000 oriturus
2280 1960 2417 2010 esset,

304 2022 571 2074 ambulavi“
609 2017 953 2063 ambulationem
982 2018 1094 2062 velit
1116 2018 1310 2076 intelligi
1332 2033 1426 2063 rem
1463 2020 1745 2077 primariam,
1776 2022 1887 2064 solis
1917 2027 2066 2063 autem
2087 2027 2235 2063 ortum
2252 2035 2414 2066 secun-

301 2095 506 2144 dariam,
536 2088 671 2135 verba
688 2087 767 2131 illa
788 2087 1025 2132 manifesto
1045 2101 1132 2132 non
1155 2100 1234 2143 eo,
1266 2100 1354 2145 quo
1373 2086 1586 2131 Dissenie
1606 2087 1775 2146 placet,
1815 2086 1894 2132 sed
1907 2088 1991 2132 hoc
2012 2087 2164 2146 potius
2184 2086 2314 2133 modo
2337 2103 2414 2134 ac-

302 2158 509 2224 cipienda
536 2160 664 2202 sunt:
706 2160 949 2215 „tempere
976 2155 1089 2200 solis
1121 2155 1337 2211 orientis,
1371 2155 1484 2211 orti,
1521 2155 1685 2200 orituri
1713 2155 2002 2209 ambulavi,“
2039 2170 2129 2214 quo
2152 2156 2271 2201 facto
2294 2158 2412 2203 aori·

302 2239 424 2281 stum
454 2243 480 2273 a
493 2225 677 2271 mbula
690 2223 743 2268 vi
768 2229 897 2282 patet
920 2223 978 2269 ad
994 2222 1145 2278 aliud,
1172 2238 1364 2282 quocum
1381 2238 1472 2267 una
1493 2223 1758 2282 cogitandus
1778 2225 1856 2279 sit,
1885 2229 2060 2285 tempus
2082 2226 2272 2269 relatum
2292 2240 2410 2275 esse.

303 2302 467 2360 Neque
489 2294 549 2340 ad
568 2293 758 2339 relativa
781 2298 957 2338 tantum
976 2297 1180 2353 tempora
1201 2292 1283 2336 sed
1302 2292 1361 2336 ad
1381 2293 1576 2337 aoristos
1593 2293 1728 2336 etiam
1750 2294 1902 2337 eadem
1927 2295 2099 2339 ratione
2115 2295 2276 2339 referri
2294 2296 2410 2341 aori-

304 2375 407 2417 stus
437 2366 607 2424 potest,
644 2360 693 2405 id
721 2360 843 2420 quod
872 2363 1175 2421 exemplorum
1207 2360 1476 2405 auctoritate
1502 2361 1837 2420 comprobatum
1867 2363 2032 2407 ivimus
2066 2367 2211 2409 antea.
2279 2363 2409 2421 Quae

306 2442 456 2484 autem
482 2431 828 2492 praeteritorum
856 2434 904 2474 et
933 2430 1264 2489 praesentium,
1301 2428 1479 2483 eadem,
1522 2434 1575 2472 ut
1604 2429 1847 2474 Dissenius
1880 2431 1947 2474 ait
1969 2433 2036 2489 (p.
2055 2432 2146 2489 9.),
2181 2436 2253 2475 est
2270 2433 2408 2477 etiam

303 2507 558 2553 futurorum
588 2504 837 2559 temporum
869 2499 1005 2546 ratio.
1062 2499 1350 2558 Quapropter
1377 2497 1419 2542 si
1446 2511 1549 2542 vere
1574 2498 1866 2543 relativorum
1886 2505 1933 2544 et
1959 2500 2223 2544 aoristorum
2243 2497 2411 2545 discri-

306 2587 409 2620 men
433 2574 506 2615 est
527 2567 724 2627 positum
746 2568 792 2611 in
811 2567 862 2611 e'o
875 2597 888 2620 ,
925 2571 977 2611 ut
996 2568 1078 2611 illa
1097 2566 1334 2624 cogitanda
1358 2566 1450 2610 sint
1470 2581 1557 2610 una
1576 2580 1674 2609 cnm
1698 2567 1786 2611 alia
1805 2582 1855 2611 re
1868 2599 1881 2621 ,
1912 2568 2017 2610 haec
2035 2565 2226 2623 cogitari
2245 2566 2312 2612 ita
2334 2582 2412 2612 ne-

307 2642 499 2703 queant,
528 2635 744 2682 Graecam
763 2635 939 2694 quidem
962 2639 1009 2680 et
1028 2634 1234 2680 Latinam
1252 2635 1449 2693 linguam
1476 2633 1773 2680 confitendum
1797 2635 1883 2680 erit
1901 2648 2052 2679 carere
2073 2635 2274 2680 aoristis.

443 2706 594 2763 Quum
620 2703 761 2760 igitur
787 2706 875 2748 vim
910 2709 957 2748 et
988 2707 1255 2763 potestatem
1284 2705 1443 2748 aoristi
1470 2717 1612 2760 neque
1639 2703 1695 2746 ab
1723 2704 1780 2747 iis
1812 2702 2141 2759 grammaticis,
2182 2704 2262 2761 qui
2294 2704 2413 2748 aori-

315 2781 390 2823 sto
413 2773 544 2833 ipso,
584 2785 726 2830 neque
748 2772 804 2817 ab
824 2773 910 2826 iis,
948 2772 1025 2831 qui
1051 2771 1268 2817 relatione
1294 2773 1392 2818 eius
1419 2770 1476 2817 ad
1499 2768 1623 2815 aliud
1641 2774 1818 2829 tempus
1838 2775 2010 2814 certum
2030 2771 2214 2830 aliquod
2234 2776 2409 2830 tempus

1833 2840 1864 2885 3
