2744 3409
1174 111 1567 160 ...7-

444 243 571 289 Haec
601 244 750 286 tamen
780 237 1013 285 relationis
1050 240 1176 287 uotio
1203 244 1336 299 quem
1369 240 1480 286 nihil
1509 240 1581 285 La
1594 238 1738 285 tiuns
1770 239 2070 297 grammaticis
2099 219 2243 285 visum
2271 240 2410 286 fuerit

304 324 533 362 commuue
561 309 724 353 babere
754 321 854 352 eum
882 306 1068 352 definita
1098 307 1418 366 indefinitaque
1446 308 1771 365 significatione
1794 313 2040 369 temporum
2060 307 2281 367 intelligi
2280 320 2414 369 prae·

302 381 433 460 cipue
460 375 562 422 inde
592 380 767 436 potest,
803 373 925 433 quod
952 373 1200 422 Ursinus
1228 390 1405 436 quoque
1438 379 1527 421 etsi
1555 378 1717 423 aoristi
1749 378 1862 431 vim,
1899 383 1952 420 ut
1976 377 2196 430 vidimus,
2233 377 2412 436 inpro-

300 448 471 493 miscuo
491 445 588 490 eius
604 459 691 490 usu
708 457 791 503 pro
808 440 966 501 quovis
984 445 1185 503 tenpore
1203 445 1359 505 pouit,
1396 442 1453 489 de
1471 445 1658 504 reliquis
1678 451 1828 493 tamen
1849 446 2122 506 temporibus
2143 443 2410 506 praeteritio

1104 512 1133 542 ιι

297 509 1079 641 &mximam
1110 511 1490 642 ἐᾈᾷῗιῗῗᾙ
1512 512 2071 641 34203333532132:
2055 514 2411 663 ¹333&ssss

295 653 355 698 ad
374 666 472 697 eam
489 648 670 695 reduxit
690 647 870 693 taudem
886 648 1152 709 pleniusque
1172 650 1309 696 simul
1322 655 1370 695 et
1388 650 1621 697 enodatius
1643 653 1865 713 exposuit.
1923 652 2071 710 Quam
2092 651 2208 695 euim
2228 651 2314 695 vim
2335 663 2413 694 su-

292 721 497 781 periores
521 730 581 762 ex
609 716 800 762 actionis
831 717 1062 776 perfectae
1084 719 1366 779 temporibus
1404 720 1483 764 uui
1518 719 1773 768 tribuerant
1806 720 2274 781 plusquamperfecto,
2311 731 2411 763 eam

290 790 493 847 perfecto
521 799 699 844 quoque
725 790 773 830 et
798 785 952 831 futuro
978 791 1138 831 exacto
1166 787 1403 833 vindicans
1424 788 1534 833 haec
1563 789 1710 833 omnia
1730 790 1811 834 ille
1830 789 1984 834 eadem
2011 802 2145 833 causa
2166 802 2255 847 qua
2271 786 2414 833 Vale-

289 857 390 901 rius
422 854 586 900 ductus
611 855 811 914 appellat
837 858 1039 914 tempora
1068 857 1258 903 relativa
1283 857 1436 916 iisque
1460 862 1513 902 ut
1538 857 1682 902 omnis
1711 857 1768 901 ad
1799 857 1922 902 aliud
1965 863 2143 915 tempus
2171 853 2409 901 relationis

289 938 450 983 expers
470 923 656 981 opponit
675 927 852 982 tempus
880 924 1127 983 perfeetum
1155 926 1411 972 ahsolutum
1437 941 1518 972 seu
1538 922 1773 971 aoristum.
1830 927 1961 984 Quae
1980 925 2160 984 quidem
2182 922 2408 971 sententia

288 1007 426 1052 quum
447 991 723 1037 constantiae
748 990 941 1049 quedam
962 992 1099 1037 laudo
1117 1006 1220 1039 sese
1244 993 1524 1038 commendet
1539 994 1671 1038 uobis·
1691 993 1763 1037 via
1781 997 1932 1035 tamen
1950 997 1998 1034 et
2015 992 2160 1044 ratio,
2196 1003 2285 1049 qua
2300 988 2410 1033 Rei·

287 1061 386 1107 zius
409 1058 642 1105 veritatem
670 1059 769 1104 eius
802 1057 1041 1104 ostendero
1067 1065 1259 1107 conetur
1275 1062 1380 1121 plus
1400 1076 1488 1107 uno
1507 1061 1682 1107 uomiue
1703 1058 2066 1120 reprehendenda
2085 1064 2172 1106 est.
2226 1056 2406 1103 Etenim

285 1133 525 1189 postquam
550 1133 802 1187 temporum
832 1127 1031 1173 tabulam
1058 1143 1196 1188 supra
1223 1129 1377 1187 (Part.
1397 1129 1520 1188 114».
1538 1129 1613 1187 2.)
1635 1133 2026 1173 commemoratam
2056 1142 2110 1171 ex
2141 1126 2400 1172 Stoicorum

285 1203 333 1242 et
353 1195 577 1242 Varronis
596 1199 742 1242 mente
769 1196 1006 1255 proposuit
1022 1196 1088 1242 ita
1107 1212 1234 1243 suam
1255 1196 1314 1244 de
1334 1212 1386 1243 ea
1411 1198 1679 1243 seutentiam
1699 1197 1923 1254 explicare
1944 1196 2175 1242 instituit:
2211 1226 2243 1248 ‚,
2251 1192 2405 1247 Patet,

283 1264 460 1324 iuquit,
485 1264 599 1310 bauo
620 1264 840 1310 rationem
859 1277 960 1310 esee
977 1265 1159 1324 plenam
1176 1270 1225 1312 et
1253 1267 1506 1311 absolutam
1530 1276 1675 1323 neque
1692 1268 1878 1323 praeter
1893 1264 2002 1308 haec
2023 1275 2179 1308 uorem
2198 1264 2404 1320 tempora

283 1334 426 1377 ullum
457 1331 608 1387 aliud,
659 1332 781 1390 quod
817 1332 1120 1377 necessarium
1149 1345 1281 1378 usum
1321 1332 1509 1387 habeat,
1547 1331 1740 1389 eogitari
1772 1344 1906 1389 posse
1932 1331 2023 1375 uisi
2061 1329 2185 1376 verbi
2214 1328 2404 1389 perfecti

282 1400 580 1460 praeteritum
609 1399 887 1445 infinitum‘·
951 1400 1024 1446 At
1054 1414 1142 1445 nou
1175 1399 1332 1458 facile,
1372 1399 1532 1456 erede,
1568 1399 1807 1460 quisquam
1834 1398 2079 1456 intelliget,
2107 1396 2225 1443 uude
2247 1400 2405 1459 pateat

281 1469 417 1515 huius
446 1468 515 1513 rei
540 1465 803 1515 necessitas.
866 1465 1143 1512 Ratiouibus
1168 1468 1312 1526 igitur
1343 1475 1432 1515 aut·
1445 1484 1500 1515 ex
1524 1470 1716 1515 actionis
1747 1473 1827 1513 aut
1845 1482 1900 1512 ex
1920 1468 2066 1528 ipsius
2086 1468 2304 1527 temporis
2323 1480 2402 1512 ua·

281 1543 389 1584 tura
408 1535 565 1598 petitis
585 1538 897 1593 exspectamus
925 1534 1054 1581 illam
1075 1533 1429 1583 demonstratum
1449 1538 1535 1593 iri,
1568 1552 1702 1596 quam
1721 1542 1869 1583 tamen
1891 1537 2262 1590 exspectationem
2285 1535 2398 1579 adso

282 1607 535 1652 frustratus
567 1608 639 1649 est
669 1602 882 1658 Reizius‚
920 1608 975 1649 ut
990 1606 1214 1656 rationum
1231 1607 1334 1651 loco
1357 1608 1565 1649 attulerit
1584 1601 1784 1658 exempla
1808 1598 2041 1658 quaedam.
2098 1599 2260 1658 Pergit
2279 1601 2397 1646 euim

282 1673 509 1719 disserere
538 1672 621 1716 hoc
651 1670 784 1715 modo
797 1684 818 1714 ι
867 1670 963 1725 „Id
991 1672 1110 1716 euim
1141 1672 1436 1733 praeteritum
1465 1669 1590 1719 verbi
1611 1669 1803 1729 perfecti
1822 1667 1944 1728 quod
1963 1669 2171 1728 superior
2188 1670 2273 1714 'illa
2292 1683 2397 1716 eou-

279 1743 399 1785 tiuet
417 1739 561 1791 ratio,
598 1751 737 1795 aeque
762 1742 896 1794 atque
919 1739 1097 1783 instans
1118 1745 1167 1783 et
1189 1740 1392 1784 futurum
1413 1739 1615 1784 eiusdem
1641 1737 1769 1782 verbi
1786 1737 1962 1780 finitum
1985 1739 2071 1783 est.
2131 1736 2263 1785 sicut
2279 1739 2398 1782 euim

277 1809 438 1852 horum
458 1804 653 1847 alterum
670 1800 728 1844 ad
749 1801 798 1845 id
817 1801 938 1860 quod
956 1816 1072 1847 nune
1090 1804 1266 1861 agitur,
1293 1806 1487 1852 alterum
1504 1805 1562 1851 ad
1580 1804 1630 1849 id
1649 1803 1807 1862 quod
1791 1820 1837 1849 ιιι
1860 1810 2090 1864 posterum
2111 1809 2294 1863 agetur,
2323 1809 2397 1850 est

278 1870 589 1923 referendum,
616 1869 683 1914 sie
705 1870 840 1913 etiam
859 1868 977 1913 ill-ud
1000 1869 1057 1914 ad
1080 1870 1132 1914 id
1153 1871 1276 1928 quod
1294 1876 1521 1932 posterius
1544 1873 1778 1930 agebatur.
1833 1871 1942 1917 Ideo
1967 1873 2145 1930 quoties
2170 1880 2251 1918 aut
2267 1888 2399 1934 prae-

278 1942 492 1993 teritum,
519 1941 599 1982 aut
618 1927 821 1982 futurum
841 1936 968 1987 verbi
984 1936 1172 1993 perfecti
1191 1937 1452 1992 adhibetur,
1493 1941 1723 1986 iudicatur
1745 1941 1882 1985 simul
1900 1955 1976 1985 res
1999 1940 2057 1985 ad
2077 1956 2210 1999 quam
2233 1941 2397 1987 referri

279 2010 488 2057 debestnt·
542 2003 768 2050 ΗΟΙΙΙΟΙΙΙΒ
787 2002 1011 2050 011·le
1032 2005 1137 2049 329.
1179 2003 1288 2050 ’Λλλ
1310 2023 1380 2050 ors
1404 2003 1451 2060 δη
1479 2024 1577 2060 νηος
1596 2009 1796 2062 ἐξέφθιτο
1820 2027 1861 2058 ομ
1846 2017 1894 2048 ΐα
1912 2008 2070 2059 noina,
2096 2028 2168 2051 και
2156 2010 2279 2059 δῃ’
2246 2010 2366 2089 Δ..ἄγρη
2368 2029 2392 2053 ν

278 2080 506 2137 ἐφέπεσκον
530 2077 617 2117 etc.
675 2071 796 2120 Xon.
822 2071 981 2130 Symp.
1007 2070 1104 2124 IV,
1130 2073 1176 2116 ⁷.
1211 2069 1307 2116 'Em
1325 2070 1397 2117 οὖν
1414 2073 1555 2133 ἐνέγκῃ
1581 2089 1644 2124 τις
1665 2072 1872 2129 κρόμυον,
1897 2070 2045 2115 αυτίκα
2060 2071 2173 2127 μάλα
2191 2073 2318 2120 τοῦτό
2338 2093 2387 2132 γε

278 2143 529 2205 ωφελημένοι
554 2139 729 2183 theeth·
777 2140 889 2194 ηδιον
918 2157 1003 2197 γαρ
1036 2143 1262 2187 πιεῒσθε.“
1318 2139 1508 2186 Diutius
1534 2143 1660 2191 tum,
1696 2143 1750 2183 ut
1779 2153 1864 2199 par
1885 2143 2010 2195 erat,
2039 2142 2278 2186 versatur'
2264 2156 2311 2186 ιιι
2329 2142 2387 2187 il·

278 2208 517 2259 lustranda
537 2211 697 2251 natura
718 2205 903 2253 duorum
929 2209 1116 2253 illorum
1140 2212 1391 2267 temporum
1408 2222 1597 2268 quorum
1617 2206 1741 2252 uotio
1761 2207 1809 2251 ἰιι
1826 2206 1989 2253 Latino
2013 2222 2215 2253 sermone
2233 2208 2388 2256 eadem

280 2281 407 2329 verbi
431 2280 574 2325 forma
605 2275 895 2335 exprimitur,
941 2277 1131 2337 perlecti
1148 2280 1196 2321 et
1214 2277 1391 2325 aoristi.
1444 2276 1508 2322 Et
1527 2275 1728 2337 perfecto
1751 2277 1932 2338 quidem
1955 2277 2144 2338 tempori
2164 2291 2300 2338 quum
2321 2278 2386 2325 vi-

327 2486 372 2529 *2
395 2483 528 2524 Institt.
546 2490 602 2527 gr.
620 2483 703 2519 Lat.
722 2482 807 2519 Vol.
819 2481 850 2517 1.
874 2479 1022 2528 p.536.‚
1043 2482 1107 2520 ubi
1131 2482 1195 2522 ille
1219 2484 1407 2529 postquam
1424 2479 1635 2525 imperfecto
1659 2488 1695 2518 et
1718 2483 2072 2528 plusquamperfecto
2097 2481 2217 2520 docuit
2239 2490 2384 2526 semper

416 2541 534 2583 aliud,
558 2546 627 2581 quo
646 2541 858 2573 absolvatur
886 2539 1024 2584 oratio,
1057 2543 1210 2576 verbum
1236 2540 1435 2585 postulari,
1468 2540 1520 2575 ita
1544 2540 1681 2583 pergit:
1712 2541 1843 2584 „niue
1866 2549 1937 2576 uon
1963 2543 2078 2576 solum
2105 2541 2384 2581 plusquamper-

415 2597 552 2632 fectum
573 2595 618 2631 ab
636 2594 894 2641 Ultraiectino,
926 2595 1107 2631 referente
1131 2598 1287 2643 Baugio,
1317 2597 1389 2632 dici
1412 2595 1533 2631 debuit
1557 2596 1776 2643 relativum,
1809 2600 1901 2641 quod
1927 2605 2067 2639 semper
2090 2597 2138 2631 ed
2162 2595 2266 2630 aliud
2289 2601 2385 2632 tem·

415 2661 485 2696 pus
501 2652 703 2698 referatur,
735 2652 900 2696 quoniam
923 2650 1134 2693 imperfecto
1154 2654 1221 2688 hoe
1241 2660 1324 2688 eum
1348 2660 1394 2688 eo
1409 2659 1592 2688 commuue
1620 2650 1728 2687 est-‘⁴
1772 2655 1821 2689 At
1838 2652 2025 2690 valerium
2044 2660 2186 2696 quoque
2210 2652 2256 2688 de
2280 2658 2384 2689 utro-

417 2710 662 2801 queriemigore
681 2710 862 2754 cogitasse
880 2713 918 2744 et
935 2716 981 2744 ex
998 2708 1150 2746 adiectis
1166 2708 1294 2746 verbis
1323 2711 1399 2755 „ut
1416 2715 1453 2746 et
1475 2709 1722 2753 imperfectum
1733 2707 1760 2732 ‘⁶
1781 2713 1819 2746 et
1843 2719 1888 2745 ex
1911 2710 2076 2753 apposito
2095 2710 2260 2754 exemplo
2288 2709 2384 2745 satis

416 2773 483 2809 ape
521 2773 540 2800 e
599 2766 713 2811 telligi
738 2769 868 2810 potest.
