2744 3409
1145 84 1540 135 ...9-

301 218 522 262 relatione
553 215 611 260 ad
640 215 772 260 aliam
806 215 1000 274 aliquam
1030 214 1335 275 insequentem
1346 219 1376 242 ‘⁶
1416 215 1639 275 duplicem
1676 213 1774 259 eius
1803 227 1931 259 usum
1957 212 2226 274 distinguit,
2261 228 2398 262 unum

294 301 384 345 quo
406 292 483 330 res
501 284 748 343 significata
772 299 823 328 eo
843 297 988 343 usque
1006 282 1063 327 ad
1084 297 1298 344 praesens
1318 288 1495 344 tempus
1512 284 1752 345 pertineat,
1780 284 1968 329 alterum
1987 298 2078 346 quo
2099 283 2156 330 ab
2179 284 2301 331 omni
2318 284 2401 332 illa

294 354 548 414 praesentis
581 354 798 399 societate
829 357 1004 397 remota
1032 353 1095 397 sit
1118 358 1165 398 et
1189 354 1342 414 priore
1361 353 1540 411 quidem
1562 352 1693 398 modo
1712 353 1941 398 existimat
1958 355 2147 414 perfecti
2165 355 2267 399 loco
2283 355 2402 401 aori-

294 427 415 468 stum
444 423 748 483 usurpandum
773 426 868 466 tum
895 436 1020 476 esse,
1058 437 1197 481 quum
1225 424 1395 466 nullam
1426 427 1504 465 aut
1533 425 1756 481 possimus
1779 429 1859 467 aut
1878 423 2067 468 velimus
2082 423 2301 467 rationem
2322 423 2403 467 ha-

293 490 402 536 here
433 493 650 545 eiusrei,
687 504 801 549 quae
830 494 992 547 agatur
1014 492 1242 550 praesenti
1266 497 1468 550 tempore
1496 491 1564 549 ἢ.
1633 492 1859 550 ‚,Itaque,
1897 492 2069 551 inquit,
2106 488 2403 550 Imperatoris

294 560 396 605 Titi
433 560 764 604 memorabilem
801 559 925 603 illam
967 560 1217 618 meritoque
1259 559 1487 603 laudatam
1529 574 1706 613 vocem,
1742 561 1934 606 Amici
1975 559 2115 604 diem
2152 559 2406 618 perdidi,

295 628 468 674 Graece
489 627 554 670 sic
577 626 695 686 apud
717 626 1015 671 Themistium
1045 628 1167 687 (περὶ
1185 631 1258 682 τῆς
1277 632 1492 686 φιληκοΐας
1511 630 1586 674 τοῦ
1610 629 1837 686 βασιλέως)
1865 630 2082 685 legimus:
2124 625 2312 684 Τίμερον
2333 628 2408 672 οὔκ

299 699 565 752 ἐβασίλευσα·
609 695 754 739 οὐδένα
782 693 864 754 γάρ
891 693 934 739 εὖ
958 696 1146 749 ἐποίησα.
1209 696 1329 742 Nam
1364 711 1516 741 earum
1547 711 1719 750 rerum,
1750 711 1864 754 quas
1884 697 2021 741 Titus
2044 695 2221 755 vesperi
2242 700 2410 752 ageret,

293 764 407 807 nihil
428 777 535 806 sane
554 761 796 821 quidquam
813 762 1055 814 referebat,
1082 764 1296 823 periisset
1314 765 1412 810 dies
1431 780 1512 810 nec
1530 778 1599 810 ne.
1612 768 1641 792 “
1696 764 1793 809 Imo
1815 765 2040 809 referebat
2057 764 2320 824 plurimum:
2351 763 2410 806 iis

291 832 410 876 enim
438 831 554 890 ipsis
585 830 745 885 rebus,
779 844 916 888 quas
921 835 1104 877 acturus
1132 839 1234 879 erat
1260 835 1464 895 vesperi,
1501 833 1723 879 resarcire
1753 834 1945 891 quodam
1977 833 2109 876 modo
2130 837 2309 889 poterat
2329 830 2410 874 da-

292 914 444 943 mnum
473 903 702 958 acceptum
729 898 941 945 interdiu.
998 900 1201 959 „Apud
1213 902 1487 957 Homerum,
1526 902 1606 947 ille
1633 900 1810 959 pergit,
1843 899 1980 945 Iliad.
2009 898 2106 951 XI,
2132 901 2239 944 362.
2298 898 2413 941 Dio-

292 967 445 1018 medes
470 966 738 1014 Hectorem,
775 980 908 1022 quem
936 966 1149 1020 ferierat,
1185 981 1348 1031 rursus
1373 971 1620 1014 irruentem
1651 965 1967 1024 conspicatus,
2004 962 2081 1016 Ἐξ
2108 983 2159 1008 av
2178 966 2247 1008 νῦν
2267 963 2372 1022 ἔφυ,
2374 982 2415 1016 ες

295 1035 511 1090 θάνατον,
538 1032 657 1078 κύον·
694 1031 767 1085 ἦτέ
784 1050 851 1076 τοι
872 1031 974 1088 ἄγχι
993 1030 1139 1080 Ἦλθέ
1159 1037 1305 1082 κακόν·
1343 1040 1416 1083 νῦν
1434 1034 1534 1082 αὖτέ
1550 1034 1795 1094 σ’ἕρῦσσατο
1817 1038 1979 1091 Φοῖβος
2003 1031 2229 1078 Ἀπόλλων.
2289 1031 2415 1090 Quid

298 1103 415 1148 enim
444 1104 619 1147 hostem
647 1098 919 1154 Diomedes,
955 1116 1086 1160 quem
1117 1110 1341 1148 servatum
1362 1104 1543 1160 indigne
1558 1104 1670 1157 fert,
1698 1103 1765 1146 sic
1786 1103 2073 1160 alloquatur,
2101 1104 2155 1143 ut
2175 1099 2255 1159 qui
2278 1101 2321 1144 ei
2339 1113 2413 1144 sa-

291 1172 434 1215 lutem
466 1162 844 1226 gratulatum-W
897 1169 972 1214 At
996 1186 1139 1214 nonne
1156 1173 1290 1229 fugae
1315 1172 1599 1229 turpitudine
1619 1180 1792 1228 partam
1813 1172 2009 1212 salutem
2041 1167 2321 1226 exprobrare
2353 1167 2415 1222 ei,

296 1252 443 1284 noune
467 1251 627 1283 novum
653 1241 879 1281 certamen
899 1252 1150 1297 novumque
1174 1240 1426 1297 periculum
1449 1238 1612 1280 minari
1632 1239 1849 1294 poterat?
1908 1235 2030 1292 Ergo
2048 1247 2135 1278 nou
2157 1246 2294 1291 posse
2318 1247 2416 1277 rem

294 1307 466 1354 aoristo
496 1318 760 1364 expressam
782 1304 945 1349 referri
964 1302 1021 1350 ad
1050 1306 1186 1350 aliam
1217 1321 1312 1350 rem
1340 1320 1456 1363 quae
1489 1310 1570 1349 aut
1602 1308 1765 1361 agatur
1794 1317 1910 1346 nune
1941 1306 2023 1346 aut
2048 1300 2222 1359 agenda
2249 1301 2341 1351 sit,
2369 1300 2418 1345 id

292 1377 419 1419 nullo
439 1372 571 1418 modo
592 1377 721 1431 patet
738 1372 852 1416 locis
872 1387 898 1416 a
917 1372 1076 1419 Reizio
1095 1374 1251 1419 allatis
1270 1373 1626 1418 demonstratum
1649 1385 1769 1418 esse.

420 1458 628 1506 Additur
647 1457 833 1502 tertium
856 1457 912 1501 ab
931 1472 984 1502 eo
1004 1462 1253 1518 exemplum
1272 1462 1393 1505 unde
1425 1459 1622 1518 intelligi
1641 1459 1765 1513 vult,
1804 1458 1887 1513 iis,
1921 1457 2001 1516 qui
2023 1457 2193 1502 aoristo
2213 1457 2286 1501 usi
2305 1458 2413 1509 sint,

294 1527 474 1574 etiamsi
508 1541 597 1572 non
635 1529 908 1585 potestatem
948 1526 1171 1573 eiusmodi
1208 1529 1474 1585 relationis,
1523 1531 1648 1573 certe
1694 1529 1845 1567 tamen
1883 1522 2082 1567 defuisse
2120 1524 2414 1572 voluntatem.

296 1597 573 1652 ‚,Acbilles,
602 1595 774 1654 inquit,
800 1593 856 1638 de
875 1594 1021 1638 occiso
1041 1594 1238 1638 Hectore
1257 1594 1437 1639 Paeana
1455 1605 1647 1642 canens,
1672 1589 1839 1635 ibidem
1857 1588 2028 1646 XXII,
2057 1592 2160 1636 393.
2185 1582 2415 1651 'Hocine-90:

297 1683 348 1721 με
340 1668 409 1720 ’φα
426 1683 473 1708 xv
456 1668 549 1713 ἴδος
570 1664 801 1717 ἐπέφνομεν
814 1662 995 1719 Ἕκτορα
1016 1664 1109 1706 δῖον
1132 1656 1361 1719 potuisset
1384 1661 1556 1713 dicere,
1596 1659 1790 1716 ἠρμεθα,
1817 1671 1921 1700 nam
1943 1656 2001 1701 ob
2021 1656 2237 1715 idipsum
2251 1689 2265 1712 ,
2294 1659 2417 1716 quod

294 1732 410 1775 hanc
427 1733 599 1773 tantam
623 1728 814 1783 gloriam
834 1728 1025 1777 retulit,
1064 1742 1180 1771 nunc
1210 1728 1485 1785 triumphat:
1527 1724 1609 1770 sed
1628 1724 1736 1783 quia
1754 1737 1843 1768 non
1862 1727 1963 1768 erat
1984 1724 2238 1770 necessaria
2256 1725 2418 1770 trium-

296 1799 379 1857 phi
400 1809 500 1841 cum
519 1794 708 1839 victoria
727 1793 1032 1851 comparatio,
1066 1793 1336 1852 simpliciter
1352 1809 1484 1855 quam
1501 1793 1646 1838 relate
1664 1792 1825 1836 maluit
1846 1791 1995 1838 dicere
2014 1792 2260 1852 η’ροῖμεθα.“
2314 1793 2419 1839 Au-

298 1865 376 1910 dio
407 1870 455 1908 et
487 1875 667 1906 causam
701 1860 836 1903 etiam
865 1872 946 1901 cur
980 1860 1047 1901 ita
1075 1862 1287 1904 maluerit
1304 1864 1429 1920 loqui
1446 1862 1655 1908 Achilles
1675 1861 1881 1919 intelligo
1900 1861 2006 1920 fl),
2043 1866 2092 1906 at
2115 1875 2203 1906 non
2223 1874 2329 1908 raro
2348 1867 2418 1908 ta·

298 1947 400 1979 men
430 1929 488 1975 ad
510 1932 783 1990 potestatem
811 1924 1039 1971 referendi
1067 1928 1312 1972 accessisse
1346 1929 1482 1971 etiam
1510 1931 1784 1973 voluntatem
1812 1944 1948 1986 quum
1972 1931 2128 1976 multis
2147 1930 2251 1976 aIIis
2269 1946 2416 1976 exem-

298 2001 394 2063 plis
418 1998 604 2060 probari
624 1997 798 2059 possit,
829 2000 927 2040 tum
946 1994 1030 2038 boc
1049 1994 1169 2052 quod
1194 2008 1249 2038 ex
1271 1994 1369 2052 ipsa
1390 1996 1468 2039 illa
1487 1996 1685 2041 Achillis
1709 1995 1911 2039 oratioue
1939 1995 2129 2052 petitum
2146 1998 2242 2038 est·
2280 1995 2413 2043 Ἔπη-

300 2069 351 2125 δὴ
374 2067 491 2114 τόι·’δ
522 2067 653 2126 &adea
672 2070 769 2112 θεοὶ
792 2063 1067 2124 δαμάσασθαι
1096 2061 1327 2120 ἔδωκαν,
1366 2064 1421 2109 Εἶ
1449 2062 1492 2109 δ’
1518 2063 1638 2124 dyc?
1665 2063 1773 2122 αμφὶ
1792 2061 1910 2108 πόλιν
1931 2059 2003 2115 §Bu
2024 2060 2188 2119 τεῦχεσι
2213 2079 2411 2121 πειρη-

299 2140 488 2194 θῶμεν
509 2134 633 2192 ***).
706 2132 842 2193 Quod
870 2130 1055 2178 Reizius
1087 2134 1237 2180 autem
1270 2131 1326 2179 de
1357 2132 1542 2181 aoristis
1574 2130 1632 2179 ad
1658 2145 1871 2193 praesens
1886 2135 2063 2193 tempus
2085 2130 2412 2191 pertinentibus

349 2336 392 2376 *J
415 2336 541 2371 Verba
560 2334 682 2371 Reizii
705 2337 798 2370 haec
817 2337 922 2370 sunt:
956 2336 1128 2381 „Graeci
1153 2337 1261 2375 etlam
1283 2336 1321 2374 in
1346 2346 1408 2384 re,
1438 2348 1544 2383 quam
1572 2339 1619 2374 ab
1646 2346 1689 2374 eo
1715 2339 1887 2383 temporis
1912 2339 2028 2383 spatio
2052 2341 2144 2383 quod
2168 2341 2263 2376 minc
2287 2341 2409 2386 instat,

439 2400 509 2426 ¹¹⁰³
527 2394 780 2434 nnmerum,
807 2391 838 2425 Si
858 2392 938 2424 05⁰⁵
957 2401 1162 2433 respectum
1186 2398 1235 2430 ad
1261 2397 1297 2430 id
1316 2399 1407 2441 quod
1433 2405 1526 2431 nunc
1546 2397 1666 2440 agitur
1684 2397 1821 2432 nullum
1838 2402 1901 2431 aut
1926 2398 2076 2440 possunt
2102 2401 2164 2431 aut
2191 2397 2317 2430 volunt
2343 2405 2419 2439 ειη

447 2446 627 2491 primae,
650 2449 824 2483 aon-istum
848 2453 1034 2490 usurpant.
1044 2449 1072 2472 ‘⁶
2151 2471 2155 2474 ,

348 2509 417 2555 W)
443 2510 620 2547 Nimirum
646 2511 800 2548 Achillis
826 2510 985 2558 animus,
1019 2522 1112 2556 quae
1139 2522 1200 2551 est
1229 2516 1309 2551 cius
1331 2515 1536 2560 magnitudo
1561 2523 1670 2559 atque
1696 2516 1913 2560 excelsitas,
1954 2518 1991 2550 in
2017 2523 2060 2549 eo
2088 2518 2331 2551 commoratur
2353 2518 2412 2552 lu-

439 2568 584 2602 bentius
603 2577 672 2611 quo
692 2569 878 2603 victoriam
896 2569 1053 2615 peperit,
1076 2579 1183 2612 quam
1208 2572 1247 2607 in
1264 2582 1324 2620 eo,
1354 2582 1423 2618 quo
1444 2579 1550 2617 parta
1572 2573 1643 2608 iam
1663 2572 1815 2618 fruitur,
1840 2578 2010 2614 tempore.

351 2631 445 2675 ***)
469 2634 526 2668 cf.
544 2636 594 2667 Jl.
613 2636 651 2676 1,
674 2637 732 2667 96.
757 2633 890 2669 Τοίἷνεκ
915 2631 971 2679 ἄρ’
995 2632 1088 2679 ἄλγε’
1111 2633 1286 2671 ἔδωκεν
1307 2635 1479 2685 ἑκηβόλος
1494 2634 1549 2682 ἧδ’
1568 2635 1622 2671 ἔτι
1644 2635 1794 2672 δώσει.
1818 2638 1870 2671 lb.
1888 2637 1968 2672 207.
1988 2629 2178 2672 Ἠλθον
2199 2633 2270 2682 ε’γῶ
2291 2633 2415 2674 παῦ-

442 2702 494 2755 σεο
505 2687 650 2756 v-coeurd
670 2688 734 2725 σόν
751 2690 870 2735 μένος.
914 2691 1043 2727 Herod.
1061 2693 1108 2734 9,
1131 2691 1189 2728 48.
1208 2689 1274 2728 νῦν
1295 2687 1347 2728 w'v
1372 2693 1498 2738 ἐπειδὴ
1525 2691 1589 2729 οὔκ
1616 2691 1715 2739 ὖμεῒς
1736 2692 1906 2741 ἤρξατε
1928 2689 2061 2727 τοῦτου
2080 2690 2150 2728 τοῦ
2176 2689 2305 2739 λόγου,
2336 2690 2414 2728 ἀλλ’

448 2758 551 2793 nasce
581 2758 802 2792 αρχομεν.
