2744 3409
1168 96 1600 146 ...14—

338 236 462 301 quod
492 229 796 282 inveniendum
823 231 895 273 est
919 231 1173 286 temporum
1194 222 1367 285 genus?
1423 226 1624 288 Nempe,
1651 230 1705 273 ut
1723 230 1977 275 accuratius
1999 228 2237 277 definiatur
2254 226 2457 274 indefini-

342 315 440 355 tum
476 309 672 362 tempus,
714 311 789 344 res
829 299 918 352 „et
945 295 1101 342 eodem
1135 298 1339 355 tempore
1364 295 1484 342 facta
1515 301 1562 343 et
1586 296 1699 343 satis
1730 301 1880 341 nota“
1918 304 2131 345 narretur
2154 312 2336 345 necesse
2361 301 2458 349 est,

346 371 562 424 eiusmodi
589 372 735 413 autem
764 365 832 411 rei
859 364 1130 423 significatio
1148 378 1249 410 cum
1276 379 1367 413 non
1386 364 1519 412 cadat
1538 366 1586 412 in
1602 370 1808 412 naturam
1825 363 1951 410 illius
1969 368 2188 423 temporis
2206 365 2460 413 necessario

349 434 652 490 inveniendum
676 439 778 481 erat
813 433 955 494 aliud.
1010 434 1082 481 At
1109 438 1320 482 neutrum
1338 434 1555 483 Dissenio
1572 433 1810 481 concedere
1830 448 2030 495 possum.
2088 432 2157 479 Ut
2183 436 2301 480 enim
2332 451 2357 480 a
2382 449 2463 495 po·

348 508 539 557 steriore
560 504 786 549 sententia
806 502 1053 549 refellenda
1078 502 1314 562 exordiar,
1342 519 1437 550 rem
1454 508 1604 551 notam
1619 503 1842 559 indicare,
1874 502 1915 547 si
1936 505 2115 562 spectas
2131 504 2465 558 necessitatem,

342 579 388 624 in
407 576 578 621 nullum
593 605 607 628 ‚
635 575 677 619 si
698 577 998 633 potestatem,
1035 572 1084 618 in
1114 587 1242 619 omne
1260 578 1438 635 tempus
1459 571 1593 620 cadit.
1647 572 1727 618 An
1751 571 2026 634 persuadere
2044 571 2129 617 tibi
2148 577 2302 632 potes,
2330 573 2467 629 verba

344 644 539 704 exempli
572 657 708 688 causa
746 657 771 686 a
801 642 1020 687 Dissenio
1061 643 1225 700 allata:
1284 642 1514 698 „Graecia
1539 640 1693 686 floruit
1723 641 1923 701 (ἤκμασε)
1953 656 2088 702 quum
2113 640 2258 686 libera
2286 642 2470 692 esset,“

352 716 394 762 si
415 713 644 759 libertatis
667 719 845 771 tempus
868 711 1069 756 audienti
1096 712 1297 770 ignotum
1317 716 1411 767 est,
1440 725 1527 756 non
1543 710 1739 768 intelligi
1758 725 1910 771 posse,
1939 712 2046 757 haec
2064 715 2246 756 contra:
2289 707 2472 763 „Grae-

348 785 420 830 cia
442 782 600 828 floruit
622 787 863 842 postquam
884 781 1078 825 liberata
1098 787 1170 826 est
1198 778 1515 839 (ἤλευθερῶθη)
1543 780 1609 834 si,
1649 780 1828 838 quando
1856 781 1939 825 illa
1970 779 2165 824 liberata
2192 778 2356 832 fuerit,
2397 789 2472 820 co-

350 853 525 912 gnitum
558 856 658 903 est,
698 848 975 893 incommode
1007 854 1141 907 atque
1168 850 1319 907 inepte
1340 842 1464 891 dici?
1520 844 1618 890 Imo
1638 862 1743 893 vero
1762 849 1846 893 hoc
1866 850 2014 908 ipsum
2033 851 2195 907 putare
2216 846 2356 890 sentis
2381 844 2475 887 ine-

348 925 477 980 ptum
503 918 615 964 fore.
672 915 834 974 Neque
865 915 1008 973 magis
1034 916 1249 961 assentiri
1277 913 1493 959 Dissenio
1518 929 1701 973 possum
1732 915 2047 966 contendenti,
2076 927 2170 957 rem
2192 912 2345 956 eodem
2365 918 2478 955 tem-

347 988 462 1049 pore’
489 985 655 1030 factam
686 998 774 1028 non
804 997 939 1043 posse
958 982 1190 1031 indefinito
1207 989 1410 1042 tempore
1431 982 1635 1041 exprimi.
1694 982 1763 1028 Ut
1782 984 1897 1029 enim
1918 996 2034 1027 nunc
2052 979 2231 1040 quidem
2255 994 2305 1024 re
2323 979 2478 1024 defun-

328 1110 332 1111 7
351 1070 434 1115 gar
455 1053 674 1113 exemplis
693 1051 792 1098 Cic.
811 1050 877 1098 N.
894 1051 961 1099 D.
976 1050 1071 1096 ΙΙΙ.
1089 1053 1168 1099 28.
1206 1052 1349 1104 „Nec
1378 1051 1495 1113 enim
1513 1049 1727 1107 Herculi,
1752 1053 1900 1113 inquit
1911 1081 1928 1104 ,
1955 1050 2175 1097 Deianira
2196 1062 2357 1094 nocere
2384 1062 2478 1094 vo-

352 1123 500 1178 luit,
543 1135 679 1179 quum
709 1119 752 1164 ei
782 1119 978 1164 tunicam
1007 1111 1224 1176 sang'uine
1260 1119 1476 1165 Centauri
1506 1120 1692 1166 tinctam
1723 1120 1887 1166 dedit
1914 1133 1994 1166 nec
2028 1118 2245 1180 prodesse
2276 1116 2479 1164 Pheraeo

351 1190 505 1239 Iasoni
536 1188 601 1243 is,
643 1185 720 1245 qui
748 1185 900 1244 gladio
930 1186 1146 1232 vomicam
1179 1188 1277 1230 eius
1309 1187 1513 1245 aperuit,
1553 1202 1686 1245 quam
1710 1202 1871 1235 sanare
1891 1190 2055 1234 medici
2072 1203 2159 1233 non
2184 1188 2480 1247 potuerant.“

345 1242 488 1307 fiom.
516 1257 580 1306 11.
610 1275 654 1314 φ.
684 1257 812 1310 441.,
852 1255 932 1300 ubi
948 1254 1191 1316 Neptunus
1215 1256 1282 1300 ita
1303 1255 1544 1314 compellat
1559 1255 1851 1315 Apollinem:
1908 1258 2116 1314 quiu’,
2144 1254 2199 1308 ὥς
2229 1255 2354 1301 ἄνοον
2378 1273 2482 1313 κρα-

354 1334 444 1383 δίην
474 1328 590 1383 ἔχες·
641 1324 738 1370 οῧὸέ
779 1343 826 1369 νυ
864 1327 1026 1380 τῶνπερ
1058 1327 1283 1380 Μέμνηαι,
1321 1324 1401 1368 ὅσα
1430 1321 1476 1374 dr}
1508 1323 1754 1380 πάθομεν
1783 1323 1888 1370 κακοὶ
1913 1326 2048 1372 ’Ίλιον
2077 1326 2189 1382 ἀμφὶ
2211 1327 2381 1370 Μοῧνοι
2409 1325 2485 1369 νῶι

354 1399 490 1451 θεῶν,
528 1392 595 1437 ὅτ’
634 1392 810 1449 ἀγήνορι
841 1393 1105 1449 Λαομέδοντι
1130 1390 1229 1448 Πάρ
1260 1388 1363 1442 Διός
1400 1390 1596 1443 ἐλθόντες
1632 1392 1976 1450 θητεύσαμεν
2005 1397 2063 1445 εἷς
2091 1394 2289 1438 ἐνιαυτόν.
2346 1391 2485 1436 Patet

354 1463 518 1522 igitur,
546 1458 604 1503 ad
624 1473 716 1504 rem
735 1464 888 1505 notam
906 1459 1148 1519 eodemque
1170 1464 1372 1519 tempore
1389 1458 1554 1504 factam
1572 1459 1854 1506 indicandam
1876 1475 1965 1505 non
1985 1460 2186 1505 futurum
2206 1474 2321 1519 opus
2341 1459 2485 1505 fuisse

356 1534 543 1591 praeter
561 1529 780 1573 aex-istum
797 1528 1011 1574 inducere
1038 1528 1272 1573 relativum
1295 1531 1488 1585 tempus.

489 1593 585 1638 Iam
613 1605 744 1643 vero,
781 1594 835 1633 ut
858 1593 1088 1635 veniamus
1118 1592 1176 1636 ad
1199 1593 1340 1646 illud,
1379 1593 1502 1651 quod
1526 1593 1679 1651 priore
1710 1595 1811 1637 loco
1845 1597 2073 1654 sumptum
2108 1608 2133 1639 a
2159 1593 2376 1639 Dissenio
2402 1599 2489 1646 est,

357 1660 516 1722 quaeri
551 1657 756 1718 profecto
790 1661 967 1716 potest,
1005 1671 1188 1702 curnam
1216 1660 1418 1711 omnino,
1453 1661 1671 1716 temporis
1691 1664 1948 1704 accuratius
1973 1661 2214 1706 definiendi
2232 1676 2391 1716 causa,
2420 1663 2489 1705 rei

357 1734 491 1777 notae
511 1725 758 1785 eodemque
773 1729 977 1784 tempore
996 1724 1144 1770 factae
1166 1725 1435 1784 significatio
1459 1730 1552 1771 tam
1576 1724 1832 1772 necessaria
1858 1729 1957 1774 visa
1989 1730 2058 1774 sic
2076 1724 2326 1774 Dissenio2
2382 1728 2489 1787 Duo

360 1798 577 1843 videlicet
605 1793 830 1850 temporis
865 1792 1106 1837 definiendi
1137 1808 1302 1850 genera
1332 1795 1389 1839 ab
1421 1809 1474 1838 eo
1492 1795 1677 1838 confusa
1700 1801 1832 1847 sunt,
1860 1810 2052 1852 quorum
2071 1798 2118 1840 in
2134 1798 2278 1839 altero
2300 1795 2355 1838 de
2377 1801 2490 1839 tem-

362 1877 476 1926 pore
493 1862 620 1922 ipso,
650 1874 740 1920 quo
758 1872 834 1905 res
853 1860 1005 1920 aliqua
1022 1860 1142 1904 facta
1164 1865 1263 1914 est,
1300 1860 1347 1904 in
1375 1861 1521 1905 altero
1552 1859 1607 1904 de
1631 1861 1827 1916 ratione,
1856 1877 1972 1920 quae
1990 1863 2110 1909 inter
2129 1861 2316 1907 duarum
2339 1877 2491 1908 rerum

364 1941 576 1993 tempora
599 1927 868 1982 intercedit,
907 1929 1156 1988 quaeritur.
1223 1928 1298 1973 De
1323 1928 1478 1986 priore
1505 1927 1602 1971 sine
1634 1926 1770 1972 dubio
1806 1929 2022 1987 cogitavit
2049 1930 2316 1986 Disaenius,
2354 1946 2492 1989 quum

363 2010 517 2048 tamen
538 1998 666 2046 verbi
685 1996 964 2057 temporibus
987 1997 1218 2057 proprium
1238 1998 1416 2040 constet
1432 1998 1478 2038 et
1497 1994 1725 2058 peculiare
1744 2010 1845 2042 esse
1863 1998 2106 2056 posterius.
2163 1997 2217 2042 In
2236 1998 2318 2042 hoc
2342 2005 2491 2045 autem

361 2083 501 2130 quum
517 2066 568 2111 id
587 2078 724 2109 unum
743 2067 903 2123 pateat
918 2064 992 2121 agi
1013 2078 1174 2123 posse,
1204 2067 1257 2108 nt
1278 2067 1484 2122 apertum
1505 2063 1613 2114 fiat,
1650 2065 1970 2110 utrum‘altera
1988 2080 2062 2111 res
2083 2065 2323 2126 praecedat
2344 2068 2495 2124 alteri,

364 2155 422 2183 an
452 2151 543 2182 una
572 2149 675 2179 cum
702 2146 757 2175 ea
785 2129 849 2174 sit
875 2145 933 2173 an
963 2130 1159 2187 denique·
1186 2129 1422 2183 succedat,
1462 2130 1658 2190 primum
1691 2135 1764 2175 est
1791 2132 1997 2189 evidens,
2027 2135 2205 2180 res'hoc
2224 2132 2355 2180 modo
2373 2135 2494 2183 inter

363 2219 468 2252 sese
493 2204 778 2260 comparatas
810 2212 898 2242 non
927 2213 1105 2258 semper
1135 2213 1270 2259 posse
1310 2196 1466 2243 eodem
1499 2202 1701 2258 tempore
1730 2200 1875 2246 factas
1909 2218 2033 2259 esse,
2075 2201 2238 2248 deinde
2270 2202 2328 2248 ad
2355 2205 2491 2251 huius

366 2268 719 2332 comparationis
742 2267 1085 2325 intelligentiam
1108 2283 1162 2313 ne
1181 2266 1409 2314 minimum
1431 2266 1612 2326 quidem
1631 2273 1819 2314 notaene
1836 2285 1910 2317 res
1929 2273 2038 2317 illae
2057 2272 2150 2318 sint
2167 2286 2305 2317 necne
2323 2274 2493 2318 referre

365 2354 519 2405 posse.
577 2338 650 2383 Ita
667 2351 810 2396 -quum
835 2335 1007 2383 Caesar
1025 2336 1080 2383 B.
1102 2336 1158 2385 G.
1176 2335 1218 2384 I.
1238 2338 1284 2383 4.
1314 2350 1408 2390 „ea
1431 2350 1530 2390 res,
1565 2336 1738 2396 inquit,
1773 2344 1825 2384 ut
1848 2347 1919 2386 est
1935 2341 2162 2386 Helvetiis
2177 2355 2259 2399 per
2279 2341 2491 2386 indicium

367 2408 629 2460 enunciata,
671 2404 874 2449 moribus
901 2406 999 2450 suis
1027 2405 1345 2464 Orgetorigem
1366 2419 1420 2449 ex
1439 2405 1632 2450 vinculis
1652 2422 1828 2453 causam
1857 2408 2006 2454 dicere
2035 2413 2335 2466 coegerunt,“
2374 2411 2493 2470 quis,

367 2490 562 2538 quaeso,
600 2475 689 2519 etsi
716 2474 904 2518 duarum
933 2489 1110 2529 rerum,
1151 2488 1266 2535 quae
1295 2474 1367 2518 hic
1394 2479 1663 2531 narrantur,
1707 2476 1898 2523 alterum
1920 2484 2102 2536 tempus
2128 2478 2383 2523 accuratius
2415 2478 2493 2523 de-

369 2548 527 2591 finitur
559 2544 729 2594 altero,
768 2542 895 2598 quis,
931 2543 1109 2601 inquam
1125 2573 1142 2595 ,
1178 2541 1349 2587 idcirco
1376 2543 1567 2586 alteram
1597 2556 1748 2590 earum
1779 2560 1931 2592 rerum
1949 2546 2201 2592 necessario
2220 2545 2340 2591 dicet
2360 2561 2493 2607 opor-

369 2621 470 2660 tere
487 2619 637 2657 notam
655 2609 903 2667 eodemque
922 2615 1144 2669 tempore,
1171 2626 1261 2670 quo
1282 2612 1450 2665 altera,
1478 2611 1638 2657 factam
1658 2610 1790 2659 esse?

512 2679 660 2739 Quum
690 2681 761 2724 his
790 2684 939 2724 autem
965 2681 1052 2724 iam
1084 2681 1198 2724 satis
1228 2678 1436 2725 Dissenii
1467 2684 1792 2738 argumentatio
1824 2684 1968 2730 videri
1993 2684 2142 2747 possit
2162 2684 2359 2730 refutata
2378 2697 2494 2737 esse,

373 2756 469 2796 tum
491 2748 661 2794 accedit
680 2749 813 2794 etiam
827 2780 842 2802 ,
871 2753 924 2795 ut
941 2762 1025 2796 sua
1042 2749 1184 2809 ipsius
1203 2764 1254 2796 se
1275 2747 1554 2796 confessione
1573 2751 1862 2811 iugulaverit.
1920 2753 2036 2800 Post
2054 2752 2191 2800 verba
2208 2753 2349 2807 enim,
2378 2765 2493 2810 quae
